%Kdyby z toho neco nekdy melo byt, tak NEZAPOMEN dat vsechny autory, davas zhusta jen prvniho! a taky nezapomen na JET EFDA contributors.

@article{Zara06,
Author = {{Zara, J.}},
Title = {{Virtual Reality Course - A Natural Enrichment of Computer Graphics Classes}},
Journal = {{Computer Graphics Forum}},
Year = {{2006}},
Volume = {{25}},
Number = {{1}},
Pages = {{(105-112)}},
Month = {{}},
Abstract = {{}},
DOI = {{}},
ISSN = {{0167-7055}},
Unique-ID = {{}},
}


@article{BrotancePhD,
Author = {{Brotankova, J.}},
Title = {{Study of high temperature plasma in tokamak-like experimental devices}},
Year = {{PhD. thesis 2009}},
}

@article{ FusenEngDes11,
Author = {Svoboda, V. and Huang, B. and Mlynar, J. and Pokol, G.I. and Stockel, J. and Vondrasek, G},
Title = {{Multi-mode Remote Participation on the GOLEM Tokamak}},
Journal = {{Fusion Engineering and Design}},
Year = {{2011}},
Volume = {{}},
Number = {{}},
Pages = {{(Accepted for publication)}},
Month = {{}},
Abstract = {{The GOLEM tokamak (formerly CASTOR) at Czech Technical University is demonstrated as an educational tokamak device for domestic and foreign students. Remote participation of several foreign universities (in Hungary, Belgium, Poland and Costa Rica) has been successfully performed.  A unique feature of the GOLEM device is functionality which enables complete remote participation and control, solely through Internet access.  Basic remote control is possible either in online mode via WWW/SSH interface or offline mode using batch processing code.  Discharge parameters are set in each case to configure the tokamak for a plasma discharge.  Using the X11 protocol it is possible to control in an advanced mode many technological aspects of the tokamak operation, including: i) vacuum pump initialization, ii) chamber baking, iii) charging of power supplies, iv) plasma discharge scenario, v) data acquisition system.}},
DOI = {{}},
ISSN = {{}},
Unique-ID = {{}},
}


@Misc{iternews,
author={{ITER news}},
title ={{Launch of the world's first global tokamak experiment}},
howpublished={http://www.iter.org/newsline/156/512},
year={2010},
online={2010},}

@Misc{GTE1210,
author={B. Huang and V. Nikolaeva},
title ={{Global Tokamak Experiment}},
howpublished={http://tokamakglobal.com/},
year={2010},
online={2010},}


@article{ ISI:000268329200038,
Author = {Seidl, J. and Krlin, L. and Panek, R. and Pavlo, P. and Stockel, J. and
   Svoboda, V.},
Title = {{Simulations of anomalous ion diffusion in experimentally measured
   turbulent potential}},
Journal = {{European Physical Journal D}},
Year = {{2009}},
Volume = {{54}},
Number = {{2}},
Pages = {{399-407}},
Month = {{AUG}},
Abstract = {{The diffusion of plasma impurities in tokamak-edge-plasma turbulence is
   investigated numerically. The time-dependent potential governing
   particle motion was measured by 2D array of 8x8 Langmuir probes in edge
   region of CASTOR tokamak. The diffusion of particles is found to be
   classical in the radial direction, but it can be of an anomalous
   L,vy-walk type in the poloidal direction. The diffusion is found to be
   dependent on the ratio of particles' mass and charge. When this ratio
   grows, the diffusion coefficient in radial direction grows as well,
   whereas poloidal diffusion coefficient drops down. Moreover, movement
   of particles in the time-frozen snapshot of this potential is
   investigated showing that also the time-independent potential is much
   more favorable for the particle diffusion in poloidal direction than in
   radial one. In the case of single ionized carbon ions the poloidal
   diffusion in time-independent potential transits to the L,vy-walk type
   for temperatures greater than 25 eV, for radial diffusion L,vy-walk was
   not observed even for 500 eV.}},
DOI = {{10.1140/epjd/e2009-00123-8}},
ISSN = {{1434-6060}},
Unique-ID = {{ISI:000268329200038}},
}

@article{ ISI:000256325200013,
Author = {Krlin, L. and Paprok, R. and Svoboda, V.},
Title = {{Modelling of Levy walk kinetics of charged particles in edge
   electrostatic turbulence in tokamaks}},
Journal = {{EUROPEAN PHYSICAL JOURNAL D}},
Year = {{2008}},
Volume = {{48}},
Number = {{1}},
Pages = {{95-109}},
Month = {{JUN}},
Abstract = {{We model and discuss the possible types of motion that charged
   particles may undergo in a stationary and spatially periodic
   electrostatic potential and a homogeneous magnetic field. The model is
   considered to be the simplest approximation of more complex phenomena
   of plasma edge turbulence in tokamaks. Therein, low frequency
   turbulence appears in the plasma edge, resulting in a fluctuation of
   the electron density, and also in the generation of a turbulent
   electrostatic field. Typical parameters of this turbulent electrostatic
   field are an electrical potential amplitude of 10-100 V and wave
   numbers k approximate to 10(3) m(-1). In our model, we consider these
   regimes, together with a homogeneous magnetic field with a magnitude of
   1 T. We investigate the dynamics of singly-ionized carbon ions - a
   typical plasma impurity - with kinetic energies on the order of 10 eV.
   Besides the obvious Larmor and drift motions, a motion of random-walk
   and of Levy walk character appear therein. All of these types of motion
   can play an important role in the modelling of the anomalous diffusion
   of particles from the plasma edge turbulence region. The dynamics
   mentioned will cause an inevitable escape of energetic particles and
   thus of power loss from the thermonuclear reactor. Moreover, Levy walk
   kinetics represents a very interesting kind of kinetics, currently of
   great interest, which was previously not so often discussed.}},
DOI = {{10.1140/epjd/e2008-00091-5}},
ISSN = {{1434-6060}},
Unique-ID = {{ISI:000256325200013}},
}

@article{ ISI:000221274900030,
Author = {Panek, R and Krlin, L and Tskhakaya, D and Kuhn, S and Stockel, J and
   Pavlo, P and Tendler, M and Svoboda, V and Petrzilka, V},
Title = {{Anomalous diffusion and radial electric field generation due to edge
   plasma turbulence}},
Journal = {{CONTRIBUTIONS TO PLASMA PHYSICS}},
Year = {{2004}},
Volume = {{44}},
Number = {{1-3}},
Pages = {{203-204}},
Note = {{9th International Workshop on Plasma Edge Theory in Fusion Devices, San
   Diego, CA, SEP 03-05, 2003}},
ISSN = {{0863-1042}},
Unique-ID = {{ISI:000221274900030}},
}

@article{ ISI:000083492100006,
Author = {Krlin, L and Klima, R and Pavlo, P and Petrzilka, V and Svoboda, V and
   Tataronis, JA},
Title = {{Transport of intense LH pulses into a tokamak plasma}},
Journal = {{JOURNAL OF PLASMA PHYSICS}},
Year = {{1999}},
Volume = {{62}},
Number = {{Part 2}},
Pages = {{203-218}},
Month = {{AUG}},
Abstract = {{Application of lower-hybrid (LH) power in short, intense pulses in the
   5-10 GW range should overcome the limiting effects of Landau damping,
   and thereby permit the penetration of LH power into the interior of
   large-scale plasmas. We show that, under such very intense LH pulses,
   wave coupling may deteriorate because of nonlinear density changes due
   to the ponderomotive force Effects in front of the grill. Ponderomotive
   for ces are also likely to induce strong plasma bias and consequent
   poloidal and toroidal plasma rotation. Although backward electric
   currents, created in the plasma by intense LH pulses, dissipate a large
   portion of the radio frequency power absorbed: the current drive
   efficiency is acceptable. We use a numerical simulation of
   wave-particle interactions to analyse the applicability of standard
   quasilinear theory to the case of large energy flux densities. The
   initial results indicate the existence of important restrictions on the
   use of the quasilinear approximation. The results of the present paper
   also indicate that some of the effects considerably alter some ideas of
   Cohen et al.}},
ISSN = {{0022-3778}},
Unique-ID = {{ISI:000083492100006}},
}

@article{ ISI:000079691900002,
Author = {Krlin, L and Stockel, J and Svoboda, V},
Title = {{Stochastic (E x B) diffusion of ions in a spatially periodical
   potential field}},
Journal = {{PLASMA PHYSICS AND CONTROLLED FUSION}},
Year = {{1999}},
Volume = {{41}},
Number = {{3}},
Pages = {{339-353}},
Month = {{MAR}},
Abstract = {{This paper discusses the stochastic (E x B) motion of ions in the
   homogeneous magnetic field and in the spatially periodical
   electrostatic potential. This approach is used for the simulation of
   ion diffusion in potential structures formed at the boundary plasma in
   tokamaks. We show that the ion motion in such structures scales with a
   single dimensionless parameter R, which is a combination of amplitude
   and dimension of potential structures, magnetic field intensity and ion
   charge/mass ratio. The presented results show that for sufficiently
   large values of R, the intrinsic stochasticity regime of ion motion
   appears, which results in the spatial diffusion of ions. The diffusion
   coefficient is sufficiently high for heavy impurities. Possible further
   applications are mentioned.}},
ISSN = {{0741-3335}},
Unique-ID = {{ISI:000079691900002}},
}

@inproceedings{ ISI:A1997BJ97W00081,
Author = {Stockel, J and Duran, I and Dhyani, V and Hron, M and Jakubka, K and
   Kryska, L and Svoboda, V and Zacek, F and Petrzilka, J and
   Nanobashvili, I and Nanobashvili, S},
Editor = {{Sugai, H and Hayashi, T}},
Title = {{Analysis of electrostatic and magnetic fluctuations on the CASTOR
   tokamak}},
Booktitle = {{ICPP 96 CONTRIBUTED PAPERS - PROCEEDINGS OF THE 1996 INTERNATIONAL
   CONFERENCE ON PLASMA PHYSICS, VOLS 1 AND 2}},
Year = {{1997}},
Pages = {{322-325}},
Note = {{1996 International Conference on Plasma Physics (ICPP 96), NAGOYA,
   JAPAN, SEP 09-13, 1996}},
Unique-ID = {{ISI:A1997BJ97W00081}},
}

@inproceedings{ ISI:A1993BC22W00039,
Author = {ZACEK, F and STOCKEL, J and KRYSKA, L and BADALEC, J and JAKUBKA, K and
   MLYNAR, J and MAGULA, P and KLETECKA, P and SVOBODA, V},
Book-Group-Author = {{INT ATOM ENERGY AGCY}},
Title = {{EDGE PLASMA TURBULENCE CHARACTERISTICS ON THE CASTOR TOKAMAK}},
Booktitle = {{PLASMA PHYSICS AND CONTROLLED NUCLEAR FUSION RESEARCH 1992, VOL 1}},
Series = {{PROCEEDING SERIES OF THE INTERNATIONAL ATOMIC ENERGY AGENCY}},
Year = {{1993}},
Pages = {{459-466}},
Note = {{14th International Conference on Plasma Physics and Controlled Nuclear
   Fusion Research, WURZBURG, GERMANY, SEP 30-OCT 07, 1992}},
ISSN = {{0074-1884}},
ISBN = {{92-0-101093-1}},
Unique-ID = {{ISI:A1993BC22W00039}},
}

@inproceedings{ ISI:A1993BA91Q00005,
Author = {ZACEK, F and STOCKEL, J and BADALEC, J and JAKUBKA, K and KLETECKA, P
   and KRYSKA, L and KRIHA, V and SVOBODA, V and PETRZILKA, J and
   VOITSEKHOVICH, I and DHYANI, V},
Book-Group-Author = {{CENTRAL RES INST PHYS}},
Title = {{EDGE PLASMA-EXPERIMENTS ON CASTOR TOKAMAK}},
Booktitle = {{WORKSHOP ON THE USE OF ATOMIC BEAMS IN PLASMA EXPERIMENTS}},
Series = {{KFKI PREPRINT/REPORT SERIES}},
Year = {{1993}},
Volume = {{19}},
Number = {{Part D}},
Pages = {{39-48}},
Note = {{Workshop on the Use of Atomic Beams in Plasma Experiments, BUDAPEST,
   HUNGARY, MAR 30-APR 01, 1993}},
ISSN = {{0368-5330}},
Unique-ID = {{ISI:A1993BA91Q00005}},
}

@article{ ISI:A1991FU37500032,
Author = {PINA, L and FIEDOROWICZ, H and KOSHEVOI, MO and RUPASOV, AA and RUS, B
   and SHIKANOV, AS and SVOBODA, V},
Title = {{X-RAY TRANSMISSION GRATING SPECTROMETER WITH CCD DETECTOR FOR LASER
   PLASMA STUDIES}},
Journal = {{LASER AND PARTICLE BEAMS}},
Year = {{1991}},
Volume = {{9}},
Number = {{2}},
Pages = {{579-591}},
Note = {{20TH EUROPEAN CONF ON LASER INTERACTION WITH MATTER ( ECLIM 90 ) :
   PULSE POWER HIGH ENERGY DENSITIES, SCHLIERSEE, FED REP GER, JAN 22-26,
   1990}},
Abstract = {{A program is under way to develop methods and instrumentation based on
   charge-coupled device (CCD) sensors for hot plasma diagnostics.  We
   have developed a new X-ray spectrometer in which a freestanding X-ray
   transmission grating is coupled to a CCD linear array detector with
   electronic digitized readout replacing film and its wet processing. 
   This instrument measures time-integrated pulsed X-ray spectra with
   moderate spectral resolution (DELTA-lambda less-than-or-equal-to 0.6
   nm) over a broad spectral range (0.3-2 keV) with high sensitivity,
   linearity, and large dynamic range.  The performance of the device was
   tested using laser plasma as the X-ray source.}},
ISSN = {{0263-0346}},
Unique-ID = {{ISI:A1991FU37500032}},
}


@article{ ISI:000239764900059,
Author = {Vega, J. and Sanchez, E. and Portas, A. and Pereira, A. and Mollinedo,
   A. and Munoz, J. A. and Ruiz, M. and Barrera, E. and Lopez, S. and
   Machon, D. and Castro, R. and Lopez, D.},
Title = {{Overview of the TJ-II remote participation system}},
Journal = {{FUSION ENGINEERING AND DESIGN}},
Year = {{2006}},
Volume = {{81}},
Number = {{15-17, Sp. Iss. SI}},
Pages = {{2045-2050}},
Month = {{JUL}},
Note = {{5th IAEA Technical Meeting on Control, Data Acquisition, and Remote
   Participation for Fusion Research, Budapest, HUNGARY, JUL 12-15, 2005}},
Organization = {{IAEA}},
Abstract = {{The TJ-II remote participation system (RPS) is focused on providing
   remote access to elements that depend exclusively on characteristics of
   the TJ-II environment: data acquisition, diagnostics control systems
   and TJ-II operation tracking. Four key points were taken into account
   prior to starting the software design: access security, software
   execution platforms, software maintenance and distribution and delivery
   of operation events. The first, access security, was addressed by means
   of a distributed authentication and authorization system, PAPI.
   Regarding the other points, the development was based on the use of web
   servers (due to their standard character, flexibility and scalability)
   and Java technologies (due to their open nature, security properties
   and technological maturity). Software deployment was prepared to make
   use of the Java Network Launching Protocol (JNLP). On-line message
   distribution was planned according to a message oriented middleware. At
   present, the TJ-II RPS manages over 1000 digitization channels and 20
   diagnostic control systems. The TJ-II RPS architecture is flexible,
   scalable and powerful enough to be applied to distributed environments
   and, in particular, it could be used in the ITER environment. (c) 2006
   Elsevier B.V. All rights reserved.}},
Publisher = {{ELSEVIER SCIENCE SA}},
Address = {{PO BOX 564, 1001 LAUSANNE, SWITZERLAND}},
Type = {{Proceedings Paper}},
Language = {{English}},
Affiliation = {{Vega, J (Reprint Author), CIEMAT, EURATOM Assoc, Avda Complutense 22, E-28040 Madrid, Spain.
   CIEMAT, EURATOM Assoc, E-28040 Madrid, Spain.
   CIEMAT, Ctr Comp, E-28040 Madrid, Spain.
   Univ Politecn Madrid, Dpto Sist Elect \& Control, Madrid 28031, Spain.
   Red es RedIRIS, Madrid 28020, Spain.}},
DOI = {{10.1016/j.fusengdes.2006.04.015}},
ISSN = {{0920-3796}},
Keywords = {{remote participation; data acquisition; web technologies; Java
   technologies; nuclear fusion; TJ-II stellarator}},
Subject-Category = {{Nuclear Science \& Technology}},
Author-Email = {{jesus.vega@ciemat.es}},
Number-of-Cited-References = {{11}},
Times-Cited = {{10}},
Journal-ISO = {{Fusion Eng. Des.}},
Doc-Delivery-Number = {{073TG}},
Unique-ID = {{ISI:000239764900059}},
}



@inproceedings{ ISI:000241188700118,
Author = {Schissel, D. P.},
Book-Group-Author = {{IEEE}},
Title = {{Advances in remote participation for fusion experimental facilities}},
Booktitle = {{21st IEEE/NPSS Symposium on Fusion Engineering - SOFE 05}},
Year = {{2006}},
Pages = {{506-510}},
Note = {{21st IEEE/NPSS Symposium on Fusion Engineering, Knoxville, TN, SEP
   26-29, 2005}},
Organization = {{Oak Ridge Natl Lab}},
Abstract = {{Magnetic fusion experiments continue to grow in size and complexity
   resulting in a concurrent growth in collaborations between experimental
   sites and laboratories worldwide. Collaborative research within each
   group, combined with collaboration between groups is presenting new and
   unique challenges in the field of remote participation technology.
   These challenges are being addressed by the worldwide creation and
   deployment of advanced collaborative software and hardware tools. This
   paper reviews the work of the National Fusion Collaboratory Project,
   identifies areas of work required for the success of future-large-scale
   experiments, and argues that even though ITER's first plasma is over a
   decade away the intervening time should be used for further development
   and testing of the technologies outlined in this paper.}},
Publisher = {{IEEE}},
Address = {{345 E 47TH ST, NEW YORK, NY 10017 USA}},
Type = {{Proceedings Paper}},
Language = {{English}},
Affiliation = {{Schissel, DP (Reprint Author), Gen Atom Co, POB 85608, San Diego, CA 92186 USA.
   Gen Atom Co, San Diego, CA 92186 USA.}},
ISBN = {{1-4244-0149-6}},
Keywords = {{remote collaboration; data management; grid computing}},
Subject-Category = {{Engineering, Electrical \& Electronic; Instruments \& Instrumentation;
   Nuclear Science \& Technology; Physics, Fluids \& Plasmas}},
Number-of-Cited-References = {{12}},
Times-Cited = {{0}},
Doc-Delivery-Number = {{BFD55}},
Unique-ID = {{ISI:000241188700118}},
}


@article{ ISI:000246978600002,
Author = {Van Oost, G. and Berta, M. and Brotankova, J. and Dejarnac, R. and Del
   Bosco, E. and Dufkova, E. and Duran, I. and Gryaznevich, M. P. and
   Horacek, J. and Hron, M. and Malaquias, A. and Mank, G. and Peleman, P.
   and Sentkerestiova, J. and Stoeckel, J. and Weinzett, V. and Zoletnik,
   S. and Tal, B. and Ferrera, J. and Fonseca, A. and Hegazy, H. and
   Kuznetsov, Y. and Ossyannikov, A. and Singh, A. and Sokholov, M. and
   Talebitaher, A.},
Title = {{Joint experiments on small tokamaks: edge plasma studies on CASTOR}},
Journal = {{NUCLEAR FUSION}},
Year = {{2007}},
Volume = {{47}},
Number = {{5}},
Pages = {{378-386}},
Month = {{MAY}},
Abstract = {{The 1st Joint (Host Laboratory) Experiment on `joint research using
   small tokamaks' was carried out using the IPP Prague experimental
   facility `CASTOR tokamak'. The main experimental programme was aimed at
   characterizing the edge plasma in a tokamak by using different advanced
   diagnostic techniques. It is widely recognized that characterization of
   phenomena occurring at the plasma edge is essential for understanding
   the plasma confinement in a tokamak. The edge plasma in small and large
   scale experiments has many similar features, and the results obtained
   through detailed measurements in a small flexible device such as CASTOR
   are in many aspects still relevant to those in large tokamaks.
   Therefore, it is expected that the results of this joint experiment
   will have general validity. The radial and poloidal structure of
   electrostatic turbulence was characterized. The effects of edge biasing
   were analysed. Radiation fluctuations and profile measurements were
   performed using fast bolometry. Plasma position measurements were
   performed using novel Hall sensors.}},
Publisher = {{INT ATOMIC ENERGY AGENCY}},
Address = {{WAGRAMERSTRASSE 5, PO BOX 100, A-1400 VIENNA, AUSTRIA}},
Type = {{Article}},
Language = {{English}},
Affiliation = {{Van Oost, G (Reprint Author), Univ Ghent, Dept Appl Phys, B-9000 Ghent, Belgium.
   Univ Ghent, Dept Appl Phys, B-9000 Ghent, Belgium.
   EURATOM, KFKI RMKI, Budapest, Hungary.
   EURATOM, IPP CR, Inst Plasma Phys, Prague, Czech Republic.
   INPE, Sao Jose Dos Campos, Brazil.
   UKAEA Euratom Fus Assoc, Culham Sci Ctr, Abingdon, Oxon, England.
   IAEA, NAPC Phys Sect, A-1400 Vienna, Austria.
   Univ Sao Paulo, Inst Phys, BR-05508 Sao Paulo, Brazil.
   EAEA, Cairo, Egypt.
   St Petersburg State Univ, St Petersburg, Russia.
   Univ Saskatchewan, Plasma Phys Lab, Saskatoon, SK S7N 0W0, Canada.
   RRC Kurchatov Inst, Moscow, Russia.
   Plasma Phys Res Ctr, Tehran, Iran.
   Szechenyi Istvan Univ, EURATOM Assoc, Gyor, Hungary.}},
DOI = {{10.1088/0029-5515/47/5/002}},
ISSN = {{0029-5515}},
Keywords-Plus = {{SCRAPE-OFF LAYER; FLUCTUATIONS}},
Subject-Category = {{Physics, Fluids \& Plasmas; Physics, Nuclear}},
Number-of-Cited-References = {{10}},
Times-Cited = {{6}},
Journal-ISO = {{Nucl. Fusion}},
Doc-Delivery-Number = {{174YK}},
Unique-ID = {{ISI:000246978600002}},
}

@InProceedings{EPSDublin,
  author = 	 {V. Svoboda and J. Mlyn\'a\v r and G. Pokol and D. R\'efy and J. St\" ockel and G. Vondr\'a\v sek},
  title = 	 {{Former Tokamak CASTOR becomes remotely controllable GOLEM at the Czech Technical University in Prague }},
  booktitle =    {Europhysics Conference Abstracts. 37th EPS Conference on Plasma Physics (online: http://ocs.ciemat.es/EPS2010PAP/pdf/P2.111.pdf)},
  year = 	 {2010},
  howpublished={http://ocs.ciemat.es/EPS2010PAP/pdf/P2.111.pdf},
  ISBN={2-914771-62-2},
  Volume = {{34A}},
  abstract={},
}


@Misc{wwwgolem,
author={},
title ={{Tokamak GOLEM at the Czech Technical University in Prague}},
howpublished={http://golem.fjfi.cvut.cz},
year={2007},
online={2010},}


@article{ ISI:000250980100044,
Author = {Rolfe, A. C.},
Title = {{A perspective on fusion relevant remote handling techniques}},
Journal = {{FUSION ENGINEERING AND DESIGN}},
Year = {{2007}},
Volume = {{82}},
Number = {{15-24}},
Pages = {{1917-1923}},
Month = {{OCT}},
Note = {{24th Symposium on Fusion Technology (SOFT-24), Warsaw, POLAND, SEP
   11-15, 2006}},
Abstract = {{System availability is a key factor in the economic success or failure
   of any power station. It is inherent in the nature of a Tokamak based
   fusion energy device that a significant part of the repair and
   maintenance of components located close to the plasma will need to be
   done using remote handling methods.
   The feasibility of remotely maintaining a Tokamak has been successfully
   demonstrated at the JET project where every major modification inside
   the torus since 1998 has been performed using remote handling
   techniques.
   In this paper the author reflects on the remote handling activities at
   JET offering a personal view on the record and identifying the key
   elements which have contributed to a successful outcome. (C) 2007
   Published by Elsevier B.V.}},
Publisher = {{ELSEVIER SCIENCE SA}},
Address = {{PO BOX 564, 1001 LAUSANNE, SWITZERLAND}},
Type = {{Proceedings Paper}},
Language = {{English}},
Affiliation = {{Rolfe, AC (Reprint Author), Oxford Technologies Ltd, 7 Nuffield Way, Abingdon OX14 1RJ, Oxon, England.
   Oxford Technologies Ltd, Abingdon OX14 1RJ, Oxon, England.}},
DOI = {{10.1016/j.fusengdes.2007.04.049}},
ISSN = {{0920-3796}},
Keywords = {{remote handling; remote operations; teleoperation; fusion}},
Subject-Category = {{Nuclear Science \& Technology}},
Author-Email = {{alan.rolfe@oxfordtechnologies.co.uk}},
Number-of-Cited-References = {{11}},
Times-Cited = {{7}},
Journal-ISO = {{Fusion Eng. Des.}},
Doc-Delivery-Number = {{231WO}},
Unique-ID = {{ISI:000250980100044}},
}



@Book{BellanFundamentals04,
  author = 	 {Paul M. Bellan},
  ALTeditor = 	 {},
  title = 	 {Fundamentals of Plasma Physics},
  publisher = 	 {Cambridge University Press},
  year = 	 {2006},
  OPTkey = 	 {},
  OPTvolume = 	 {},
  OPTnumber = 	 {},
  OPTseries = 	 {},
  OPTaddress = 	 {},
  OPTedition = 	 {},
  OPTmonth = 	 {},
  OPTnote = 	 {},
  OPTannote = 	 {}
}

@Misc{LimpPredPlaz,
  OPTkey = 	 {},
  author = 	 {J.Limpouch},
  title = 	 {�vod do fyziky plazmatu (p�edn��kov� slidy).},
  howpublished = {http://kfe.fjfi.cvut.cz/~limpouch/plazma/lecplaz.html},
  OPTmonth = 	 {},
  year = 	 {2009},
  OPTnote = 	 {},
  OPTannote = 	 {}
}
 

@Book{IPPSummerUniv,
  ALTauthor = 	 {},
  editor = 	 {Hans Werner Muller, ..},
  title = 	 {IPP Summer University for Plasma Physics},
  publisher = 	 {IPP},
  year = 	 {2007},
  OPTkey = 	 {},
  OPTvolume = 	 {},
  OPTnumber = 	 {},
  OPTseries = 	 {},
  OPTaddress = 	 {},
  OPTedition = 	 {},
  OPTmonth = 	 {},
  OPTnote = 	 {},
  OPTannote = 	 {}
}

@article{ISI:000233886800119,
Author = {Mlynar, J and Adams, JM and Bertalot, L and Conroy, S},
Title = {{First results of Minimum Fisher Regularisation as unfolding method for
   JET NE213 liquid scintillator neutron spectrometry}},
Journal = {{FUSION ENGINEERING AND DESIGN}},
Year = {{2005}},
Volume = {{74}},
Number = {{1-4}},
Pages = {{781-786}},
Month = {{NOV}},
Note = {{23rd Symposium on Fusion Technology (SOFT 23), Venice, ITALY, SEP
   20-24, 2004}},
Abstract = {{At JET, the NE213 liquid scintillator is being validated as a
   diagnostic tool for spectral measurements of neutrons emitted from the
   plasma. Neutron spectra have to be unfolded from the measured
   pulse-height spectra, which is an ill-conditioned problem. Therefore,
   use of two independent unfolding methods allows for less ambiguity on
   the interpretation of the data. In parallel to the routine algorithm
   MAXED based on the Maximum Entropy method, the Minimum Fisher
   Regularisation (MFR) method has been introduced at JET. The MFR method,
   known from two-dimensional tomography applications, has proved to
   provide a new transparent tool to validate the JET neutron spectra
   measured with the NE213 liquid scintillators.
   In this article, the MFR method applicable to spectra unfolding is
   briefly explained. After a mention of MFR tests on phantom spectra
   experimental neutron spectra are presented that were obtained by
   applying MFR to NE213 data in selected JET experiments. The results
   tend to confirm MAXED observations. (c) 2005 Elsevier B.V. All rights
   reserved.}},
Publisher = {{ELSEVIER SCIENCE SA}},
Address = {{PO BOX 564, 1001 LAUSANNE, SWITZERLAND}},
Type = {{Proceedings Paper}},
Language = {{English}},
Affiliation = {{Mlynar, J (Reprint Author), EFDA, JET, Culham Sci Ctr, Abingdon OX14 3DB, Oxon, England.
   EFDA, JET, Culham Sci Ctr, Abingdon OX14 3DB, Oxon, England.
   EURATOM, IPP CR, Inst Plasma Phys, AS CR, CZ-18221 Prague, Czech Republic.
   UKAEA Euratom Fus Assoc, Culham Sci Ctr, Abingdon OX14 3DB, Oxon, England.
   EURATOM, ENEA Fus, I-00044 Frascati, Italy.
   Uppsala Univ, Assoc EURATOM VR, SE-75105 Uppsala, Sweden.}},
DOI = {{10.1016/j.fusengdes.2005.06.126}},
ISSN = {{0920-3796}},
Keywords = {{scintillator; spectra; methods; neutrons}},
Keywords-Plus = {{X-RAY TOMOGRAPHY; TCV}},
Subject-Category = {{Nuclear Science \& Technology}},
Author-Email = {{jan.mlynar@jet.efda.org}},
Number-of-Cited-References = {{12}},
Times-Cited = {{4}},
Journal-ISO = {{Fusion Eng. Des.}},
Doc-Delivery-Number = {{992MA}},
Unique-ID = {{ISI:000233886800119}},
}



@Misc{wikinuclfus,author={},title ={Wikipedia: Nuclear fusion},howpublished={http://en.wikipedia.org/wiki/Nuclear\_fusion},year={2008},online={2008}}

@article{ISI:000172991100163,
Author = {Loughlin, MJ and Forrest, RA and Edwards, JEG},
Title = {{Neutron activation studies on JET}},
Journal = {{FUSION ENGINEERING AND DESIGN}},
Year = {{2001}},
Volume = {{58-9}},
Pages = {{967-971}},
Month = {{NOV}},
Note = {{21st Symposium on Fusion Technology (SOFT-21), MADRID, SPAIN, SEP
   11-15, 2000}},
Abstract = {{Extensive neutron transport calculations have been performed to
   determine the neutron spectrum at a number of points throughout the JET
   torus hall. The model has been bench-marked against a set of foil
   activation measurements which were activated during an experimental
   campaign with deuterium/tritium plasmas. The model can predict the
   neutron activation of the foils on the torus hall walls to within a
   factor of three for reactions with little sensitivity to thermal
   neutrons. The use of scandium foils with and without a cadmium thermal
   neutron absorber was a useful monitor of the thermal neutron flux.
   Conclusions regarding the usefulness of other foils for benchmarking
   the calculations are also given. (C) 2001 UKAEA. Published by Elsevier
   Science Ltd. All rights reserved.}},
ISSN = {{0920-3796}},
Unique-ID = {{ISI:000172991100163}},
}


@article{ISI:000224755900051,
Author = {Zimbal, A and Reginatto, M and Schuhmacher, H and Bertalot, L and
   Esposito, B and Poli, F and Adams, JM and Popovichev, S and Kiptily, V
   and Murari, A and {EFDA-JET Work Program}},
Title = {{Compact NE213 neutron spectrometer with high energy resolution for
   fusion applications}},
Journal = {{REVIEW OF SCIENTIFIC INSTRUMENTS}},
Year = {{2004}},
Volume = {{75}},
Number = {{10, Part 2}},
Pages = {{3553-3555}},
Month = {{OCT}},
Note = {{15th Topical Conference on High-Temperature Plasma Diagnostics, San
   Diego, CA, APR 19-22, 2004}},
Organization = {{Amer Phys Soc; US DOE; Gen Atom}},
Abstract = {{Neutron spectrometry is a tool for obtaining important information on
   the fuel ion composition, velocity distribution and temperature of
   fusion plasmas. A compact NE213 liquid scintillator, fully
   characterized at Physikalisch-Technische Bundesanstalt, was installed
   and operated at the Joint European Torus (JET) during two experimental
   campaigns (C8-2002 and trace tritium experiment-TTE 2003). The results
   show that this system can operate in a real fusion experiment as a
   neutron (1.5 MeV<E-n<20 MeV) spectrometer with good energy resolution
   (DeltaE/E<4\% at E-n=2.5 MeV and DeltaE/E<2\% at E-n=14 MeV). First
   measurements performed under different plasma scenarios, including
   trace tritium experiments, are presented. The analysis of the pulse
   height data was carried out using a newly developed method based on
   maximum entropy unfolding. The results indicate that this efficient,
   inexpensive, and compact scintillator is suitable for use as a
   broadband spectrometer in large fusion devices (JET and the
   International Thermonuclear Experimental Reactor). (C) 2004 American
   Institute of Physics.}},
Publisher = {{AMER INST PHYSICS}},
Address = {{CIRCULATION \& FULFILLMENT DIV, 2 HUNTINGTON QUADRANGLE, STE 1 N O 1,
   MELVILLE, NY 11747-4501 USA}},
Type = {{Proceedings Paper}},
Language = {{English}},
Affiliation = {{Zimbal, A (Reprint Author), Phys Tech Bundesanstalt, Bundesalleee 100, D-38116 Braunschweig, Germany.
   Phys Tech Bundesanstalt, D-38116 Braunschweig, Germany.
   CR Frascati, Assoc Euratom ENEA Fus, I-00044 Frascati, Italy.
   Assoc Euratom UKAEA Fus, Culham Sci Ctr, Abingdon OX14 3DB, Oxon, England.
   AssConsorzio RFX Assoc Euratom ENEA Fus, I-35127 Padua, Italy.}},
DOI = {{10.1063/1.1787935}},
ISSN = {{0034-6748}},
Keywords-Plus = {{MAXIMUM-ENTROPY DECONVOLUTION; SPECTRUM; CODE; JET}},
Subject-Category = {{Instruments \& Instrumentation; Physics, Applied}},
Author-Email = {{andreas.zimbal@ptb.de}},
Number-of-Cited-References = {{11}},
Times-Cited = {{7}},
Journal-ISO = {{Rev. Sci. Instrum.}},
Doc-Delivery-Number = {{866EF}},
Unique-ID = {{ISI:000224755900051}},
}


%Author = {Murari, A and Bertalot, L and Conroy, S and Ericsson, G and Kiptily, V and Popovichev, S and Schuhmacher, H and Adams, JM and Afanasyiev, V    and Angelone, M and Bonheure, G and Esposito, B and Kallne, J and    Mironov, M and Pillon, M and Reginatto, M and Stork, D and Zimbal, A    and {JET-EFDA Contributors}},
@article{ISI:000233174200017,
Author = {{A. Murari, L. Bertalot, S. Conroy, G. Ericsson {et al}}},
Title = {{New developments in JET neutron, gamma-ray and particle diagnostics
   with relevance to ITER}},
Journal = {{NUCLEAR FUSION}},
Year = {{2005}},
Volume = {{45}},
Number = {{10}},
Pages = {{S195-S202}},
Month = {{OCT}},
Note = {{20th IAEA Fusion Energy Conference, Vilamoura, PORTUGAL, NOV 01-06, 2004}},
Organization = {{IAEA}},
Abstract = {{Some recent JET campaigns, with the introduction of a trace amount
   (n(T)/n(D) < 5\%) of tritium into D plasmas and third harmonic ICRH
   acceleration of He-4, provided unique opportunities to test `burning
   plasma' diagnostics. In particular, new approaches and techniques were
   investigated for the detection of neutrons, alpha particles and the
   fuel mixture. With regard to neutron detection, the recent activity
   covered aspects such as calibration and cross validation of the
   diagnostics, measurement of the spatial distribution of the neutrons,
   particle transport and neutron spectrometry. The first tests of some
   new neutron detection technologies were also undertaken during the
   Trace Tritium Experiment campaign. To improve JET's diagnostic
   capability in the field of alpha particles, a significant development
   programme was devoted to the measurement of their confinement and
   imaging with gamma-ray spectroscopy. A new approach for the fusion
   community to measuring the fast ion losses, based on the activation
   technique, was also attempted for the first time on JET. An assessment
   of the neutral particle analyser's potential to determine the fuel
   mixture and the particle transport coefficients is under way.}},
Publisher = {{INT ATOMIC ENERGY AGENCY}},
Address = {{WAGRAMERSTRASSE 5, PO BOX 100, A-1400 VIENNA, AUSTRIA}},
Type = {{Proceedings Paper}},
Language = {{English}},
Affiliation = {{Murari, A (Reprint Author), Assoc EURATOM ENEA Fus, Consorzio RFX, I-35127 Padua, Italy.
   Assoc EURATOM ENEA Fus, Consorzio RFX, I-35127 Padua, Italy.
   ENEA, CR, Assoc EURATOM ENEA Fus, Frascati, Italy.
   Uppsala Univ, EURATOM VR Assoc, INF, Uppsala, Sweden.
   UKAEA Euratom Fus Assoc, Culham Sci Ctr, Abingdon OX14 3DB, Oxon, England.
   Phys Tech Bundesanstalt, D-38116 Braunschweig, Germany.
   Russian Acad Sci, AF Ioffe Phys Tech Inst, St Petersburg 196140, Russia.
   EURATOM, Belgian State Assoc, TEC, KMS,ERM,LPP, B-1000 Brussels, Belgium.}},
DOI = {{10.1088/0029-5515/45/10S16}},
ISSN = {{0029-5515}},
Subject-Category = {{Physics, Fluids \& Plasmas; Physics, Nuclear}},
Author-Email = {{Andrea.Murari@igi.cnr.it}},
Number-of-Cited-References = {{19}},
Times-Cited = {{4}},
Journal-ISO = {{Nucl. Fusion}},
Doc-Delivery-Number = {{982PN}},
Unique-ID = {{ISI:000233174200017}},
}


@Article{Sjostrand2008,
  author = 	 {H.Sjostrand et al.},
  title = 	 {Fusion Power Measurement using a Combined Neutron Spectrometer Camera System at JET},
  journal = 	 {Submitted to Nuclear Fusion},
  year = 	 {2008},
  OPTkey = 	 {},
  OPTvolume = 	 {},
  OPTnumber = 	 {},
  OPTpages = 	 {},
  OPTmonth = 	 {},
  OPTnote = 	 {},
  OPTannote = 	 {}
}

@article{ISI:000233886800129,
Author = {Bertalot, L and Adams, JM and Angelone, M and Conroy, S and Esposito, B
   and Kaschuck, Y and Henriksson, H and Lamalle, P and Marocco, D and
   Murari, A and Hawkes, N and Pillon, M and Popovichev, S and Reginatto,
   M and Riva, M and Schuhmacher, H and Stork, D and Zastrow, KD and
   Zimbal, A},
Title = {{ITER relevant developments in neutron diagnostics during the JET Trace
   Tritium campaign}},
Journal = {{FUSION ENGINEERING AND DESIGN}},
Year = {{2005}},
Volume = {{74}},
Number = {{1-4}},
Pages = {{835-839}},
Month = {{NOV}},
Note = {{23rd Symposium on Fusion Technology (SOFT 23), Venice, ITALY, SEP
   20-24, 2004}},
Abstract = {{During the JET Trace Tritium campaign a few new neutron diagnostic
   systems were deployed under different plasma scenarios to provide
   information on the total neutron emission and its spatial and energy
   distribution. The 14 MeV neutron yield was measured with a chemical
   vapour deposited (CVD) diamond detector. Comparison with the JET 14 MeV
   monitors (Si diodes) illustrates the good performance of the CVD
   device. Key information on the tritium transport and the behaviour of
   fast particles in the plasma was obtained from the spatially and
   temporally measurements of neutron emission from the upgraded neutron
   profile cameras which also provide an independent measure of the total
   neutron yield. Spatial asymmetries in the neutron emission were
   observed which is evidence for the influence of fast particles on the
   plasma. With regard to the energy distribution of the neutron emission,
   a spectrometer based on a liquid organic scintillator with n-gamma
   pulse shape discrimination (PSD) features was installed. The results
   demonstrate that such system can operate in real fusion experiments as
   compact broadband neutron (1.5 MeV < E-n < 20 MeV) spectrometer with
   high energy resolution. A fast transient recorder has been successfully
   applied for digital pulse shape discrimination (DPSD) of neutron and
   gamma events acquired with an organic scintillator at high count rate
   operation (MHz range). The experience gained at JET indicates that
   these neutron measurement systems are suitable for large fusion devices
   such as JET-EP and ITER where fusion neutron diagnostics will play an
   increasingly important role. (c) 2005 Elsevier B.V. All rights reserved.}},
Publisher = {{ELSEVIER SCIENCE SA}},
Address = {{PO BOX 564, 1001 LAUSANNE, SWITZERLAND}},
Type = {{Proceedings Paper}},
Language = {{English}},
Affiliation = {{Bertalot, L (Reprint Author), EURATOM, ENEA Fus, Ctr Ric Frascati, CP 65, I-00044 Frascati, Italy.
   EURATOM, ENEA Fus, Ctr Ric Frascati, I-00044 Frascati, Italy.
   UKAEA Euratom Fus Assoc, Culham Sci Ctr, Abingdon OX14 3DB, Oxon, England.
   Uppsala Univ, EURATOM, VR Assoc, Dept Neutron Res, Uppsala, Sweden.
   TRINITI, Troitsk, Russia.
   EURATOM, Begian State Assoc, LPP, ERM,KMS, Brussels, Belgium.
   EURATOM, ENEA Fus, Consorzio RFX, I-35127 Padua, Italy.
   Phys Tech Bundesanstalt, D-38116 Braunschweig, Germany.}},
DOI = {{10.1016/j.fusengdes.2005.06.213}},
ISSN = {{0920-3796}},
Keywords = {{JET Trace Tritium; ITER diagnostics; neutron detection; scintillation
   detectors; digital pulse shape discrimination; chemical vapour
   deposited detectors}},
Keywords-Plus = {{PULSE-SHAPE DISCRIMINATION; FUSION APPLICATIONS}},
Subject-Category = {{Nuclear Science \& Technology}},
Author-Email = {{bertalot@frascati.enea.it}},
Number-of-Cited-References = {{16}},
Times-Cited = {{2}},
Journal-ISO = {{Fusion Eng. Des.}},
Doc-Delivery-Number = {{992MA}},
Unique-ID = {{ISI:000233886800129}},
}



@article{ISI:000079693600001,
Author = {Wolle, B},
Title = {{Tokamak plasma diagnostics based on measured neutron signals}},
Journal = {{PHYSICS REPORTS-REVIEW SECTION OF PHYSICS LETTERS}},
Year = {{1999}},
Volume = {{312}},
Number = {{1-2}},
Pages = {{1-86}},
Month = {{MAY}},
Abstract = {{Neutron diagnostics are of increasing importance for future: fusion
   devices. Consequently, efforts are being made to improve the accuracy
   of underlying experimental and computational methods. The present
   article reviews the modelling and the analysis of measured neutron
   signals relevant for plasma diagnostics on tokamaks. The underlying
   numerical simulation of neutron signals involves various aspects.
   Firstly, a realistic characterization of the plasma as a neutron source
   is needed. Secondly. detailed knowledge about changes in energy spectra
   and total number of the initially emitted neutrons due to scattering
   and absorption in the volume between the neutron source and the
   detector system is required. Finally, the detection properties of the
   measuring systems have to be taken into account. Presently, a
   sophisticated numerical procedure which directly relates detector
   signals to physics properties of the emitted neutrons from the plasma
   is not available and progress is found to be incremental rather than
   revolutionary. This is mainly attributable to problems with modelling
   the plasma neutron source based on measured plasma data and modelling
   difficulties for the neutron transport. However, more recent results of
   plasma parameters derived from neutron measurements provide evidence
   for the improvements in the measurement, simulation and analysis
   procedures over the past two decades. (C) 1999 Elsevier Science B.V.
   All rights reserved.}},
Publisher = {{ELSEVIER SCIENCE BV}},
Address = {{PO BOX 211, 1000 AE AMSTERDAM, NETHERLANDS}},
Type = {{Review}},
Language = {{English}},
Affiliation = {{Wolle, B (Reprint Author), Univ Heidelberg, Inst Angew Phys, D-69120 Heidelberg, Germany.
   Univ Heidelberg, Inst Angew Phys, D-69120 Heidelberg, Germany.}},
ISSN = {{0370-1573}},
Keywords = {{neutron diagnostics; plasma; Fokker-Planck}},
Keywords-Plus = {{JOINT EUROPEAN TORUS; FUSION TEST REACTOR; TRITON BURN-UP; DIII-D
   TOKAMAK; TOROIDAL FIELD RIPPLE; DOUBLET-III TOKAMAK; FAST-ION
   TRANSPORT; ALCATOR C-MOD; EMISSION PROFILE MEASUREMENTS;
   THERMAL-DIFFUSIVITY PROFILES}},
Subject-Category = {{Physics, Multidisciplinary}},
Number-of-Cited-References = {{463}},
Times-Cited = {{4}},
Journal-ISO = {{Phys. Rep.-Rev. Sec. Phys. Lett.}},
Doc-Delivery-Number = {{185WH}},
Unique-ID = {{ISI:000079693600001}},
}

@article{ISI:A1994MX08800002,
Author = {JARVIS, ON},
Title = {{NEUTRON MEASUREMENT TECHNIQUES FOR TOKAMAK PLASMAS}},
Journal = {{PLASMA PHYSICS AND CONTROLLED FUSION}},
Year = {{1994}},
Volume = {{36}},
Number = {{2}},
Pages = {{209-244}},
Month = {{FEB}},
Abstract = {{The present article reviews the neutron measurement techniques that are
   currently being applied to the study of tokamak plasmas. The range of
   neutron energies of primary interest is limited to narrow bands around
   2.5 and 14 MeV, and the variety of measurements that can be made for
   plasma diagnostic purposes is also restricted. To characterize the
   plasma as a neutron source, it is necessary only to measure the total
   neutron emission, the relative neutron emissivity as a function of
   position throughout the plasma, and the energy spectra of the emitted
   neutrons. In principle, such measurements might be expected to be
   relatively easy. That this is not the case is, in part, attributable to
   practical problems of accessibility to a harsh environment but is
   mostly a consequence of the time-scale on which the measurements have
   to be made and of the wide range of neutron emission intensities that
   have to be covered; for tokamak studies, the time-scale is of the order
   of 1 to 100 ms and the neutron intensity ranges from 10(12) to 10(19)
   s-1.}},
Publisher = {{IOP PUBLISHING LTD}},
Address = {{TECHNO HOUSE, REDCLIFFE WAY, BRISTOL, ENGLAND BS1 6NX}},
Type = {{Review}},
Language = {{English}},
Affiliation = {{JARVIS, ON (Reprint Author), JET JOINT UNDERTAKING,ABINGDON OX14 3EA,OXON,ENGLAND.}},
ISSN = {{0741-3335}},
Keywords-Plus = {{OF-FLIGHT SPECTROMETER; ENERGY-SPECTRUM; ION TEMPERATURE;
   CROSS-SECTIONS; FUSION PLASMAS; TRITON BURNUP; PLT PLASMAS; DD FUSION;
   JET; TFTR}},
Subject-Category = {{Physics, Fluids \& Plasmas; Physics, Nuclear}},
Number-of-Cited-References = {{79}},
Times-Cited = {{37}},
Journal-ISO = {{Plasma  Phys. Control. Fusion}},
Doc-Delivery-Number = {{MX088}},
Unique-ID = {{ISI:A1994MX08800002}},
}



%Author = {Mlynar, J. and Bonheure, G. and Murari, A. and Bertalot, L. and Angelone, M. and Pillon, M. and Conroy, S. and Ericsson, G. and Kallne, J. and Popovichev, S. and {EFDA JET Contributors}},
@article{MlynarCzJP06,
Author = {Mlynar, J. and Bonheure, G. and Murari, A. and Bertalot et al.},
Title = {{Progress in neutron diagnostics at JET}},
Journal = {{CZECHOSLOVAK JOURNAL OF PHYSICS}},
Year = {{2006}},
Volume = {{56}},
Number = {{Suppl. B}},
Pages = {{B118-B124}},
Note = {{22nd Symposium on Plasma Physics and Technology, Prague, CZECH
   REPUBLIC, JUN 26-29, 2006}},
Abstract = {{In the ITER tokamak, diagnosing the plasma neutron emission will be
   essential to characterise fusion burning process and determine the
   performance of the machine. JET, currently the world largest tokamak,
   is the most suitable test bed for development of the fusion-relevant
   neutron diagnostics due to its plasma parameters and unique tritium
   operation capability. Current works aim at improving the spatial and
   spectral characteristics of the neutron measurements at JET, as well as
   on technological tasks. The present enhancements of neutron diagnostics
   and data analyses at JET make - together with new fast particle
   measuring techniques and tritium retention studies - part of the
   ``burning plasma{''} diagnostic developments towards reactor-grade
   fusion facilities.}},
ISSN = {{0011-4626}},
Unique-ID = {{ISI:000241335800016}},
}


@Misc{Yamagishi94,author={H. Yamagishi},title ={Theoretical Study on Position-Sensitive Fission Counters Designed with a Transmission Delay Line Structure},howpublished={http://jolisfukyu.tokai-sc.jaea.go.jp/fukyu/tayu/ACT96E/06/0604.htm},year={1994},online={2008}}

@article{KrlinEPJD08,
title="Modelling of L�vy walk kinetics of charged particles in edge electrostatic turbulence in tokamaks",
author="Krlin L. and  Paprok R. and Svoboda V.",
year="2008",
publisher="Springer",
journal="European Physical Journal D",
address=" Berlin / Heidelberg",
date="June 2008",
pages="95-109",
howpublished="http://www.springerlink.com/content/58151354x1415100",
abstraktEN="We model and discuss the possible types of motion that charged particles may undergo in a stationary and spatially periodic electrostatic potential and a homogeneous magnetic field. The model is considered to be the simplest approximation of more complex phenomena of plasma edge turbulence in tokamaks. Therein, low frequency turbulence appears in the plasma edge, resulting in a fluctuation of the electron density, and also in the generation of a turbulent electrostatic field. Typical parameters of this turbulent electrostatic field are an electrical potential amplitude of 10-100 V and wave numbers k approx. 10^3 m-1. In our model, we consider these regimes, together with a homogeneous magnetic field with a magnitude of 1 T. We investigate the dynamics of singly-ionized carbon ions - a typical plasma impurity - with kinetic energies on the order of 10 eV. Besides the obvious Larmor and drift motions, a motion of random-walk and of L�vy walk character appear therein. All of these types of motion can play an important role in the modelling of the anomalous diffusion of particles from the plasma edge turbulence region. The dynamics mentioned will cause an inevitable escape of energetic particles and thus of power loss from the thermonuclear reactor. Moreover, L�vy walk kinetics represents a very interesting kind of kinetics, currently of great interest, which was previously not so often discussed.",
abstraktCZ="P��sp�vek shrnuje mo�n� zp�soby pohybu nabit�ch ��stic v statick�ch, prostorov� periodick�ch, elektrostatick�ch potenci�lech pod vlivem homogenn�ho magnetick�ho pole. Model aproximuje nejjednodu���m zp�sobem prost�ed� v okrajov� slupce plazmatu, kde doch�z� k slo�it�mu procesu okrajov�ch turbulenc� tokamakov�ho plazmatu ve standardn�ch podm�nk�ch kategorie mal�ch tokamak� s p�ihl�dnut�m na p��m�si. Krom� obvykl�ho -driftuj�c�ho- cyklotronn�ho pohybu ��stic jsou nalezeny a pops�ny i dynamiky pohybu typu 'random walk' a 'Levy walk'. V�echny tyto typy pohybu nabit�ch ��stic hraj� z�ejm� d�le�itou roli v modelov�n� anom�ln� dif�ze ��stic v okrajov�m sloupci plazmatu a s t�m souvisej�c�m �nikem ��stic a energie ze zmi�ovan� oblasti. 'Levy walk' dynamika nav�c representuje velmi zaj�mav� charakter dynamiky ��stic, kter� nen� obvykle ve spojitosti s anom�ln� dif�z� zkoum�n. ",
volume="48",
number="1",
ISBN="1434-6060 (Print) 1434-6079 (Online)",
}




@InProceedings{SundenIWBPD07,
  author = 	 {Erik Andersson Sund�n at al.},
  title = 	 {Evaluation of Spectral Unfolding Techniques for Neutron Spectroscopy},
  OPTcrossref =  {},
  OPTkey = 	 {},
  booktitle = {Proceedings of the International Workshop on Burning Plasma Diagnostics, Villa Monastero,Varenna,},
  OPTpages = 	 {},
  year = 	 {2007},
  OPTeditor = 	 {},
  OPTvolume = 	 {},
  OPTnumber = 	 {},
  OPTseries = 	 {},
  OPTaddress = 	 {},
  OPTmonth = 	 {},
  OPTorganization = {},
  OPTpublisher = {},
  note = 	 {\pdf{\url{SundenIWBPD.pdf}}},
  annote = 	 {The precision of the JET installations of MAXED, GRAVEL and the L-curve version of MAXED has been evaluated by using synthetic neutron spectra. We have determined the number of counts needed for the detector systems NE213 and MPR to get an error below 10\% of the MAXED unfolded neutron spectra is determined to be ~10^6 and ~10^4, respectively. For GRAVEL the same number is ~10^7 and ~3.10^4 for NE213 and MPR, respectively.}
}


@InProceedings{Popovichev04EPS,
  author = 	 {S. Popovichev et al.},
  title = 	 {Performance of Neutron Measurements during Trace Tritium Experiments on JET},
  OPTcrossref =  {},
  OPTkey = 	 {},
  OPTbooktitle = {},
  OPTpages = 	 {},
  year = 	 {2004},
  OPTeditor = 	 {},
  OPTvolume = 	 {},
  OPTnumber = 	 {},
  OPTseries = 	 {},
  OPTaddress = 	 {},
  OPTmonth = 	 {},
  OPTorganization = {},
  publisher = {EPS London},
  note = 	 {\pdf{\url{PopovichevEPS04.pdf}}},
  OPTannote = 	 {},
}

@InProceedings{Bonheure08EPS,
  author = 	 {Bonhuere et al},
  title = 	 {A novel method for tritium transport studies and its validation at JET },
  note = {\pdf{\url{BonheureEPS08.pdf} }},
  year = 	 {2008},
  publisher = {35rd EPS Conference on Plasma Physics, EPS Crete},
}

@book{Wesson,
title="Tokamaks",
author="John Wesson",
journal="",
year="2004",
volume="",
number="",
publisher="Clarendon Press - Oxford",
address="",
pages="",
howpublished="",
}



@Misc{EfdaFocus,
  OPTkey = 	 {},
  author =	 {The European Fusion Development Agreement (EFDA)},
  title =	 {Focus On},
  howpublished = {http://www.jet.efda.org/pages/focus.html},
  OPTmonth = 	 {},
  OPTyear = 	 {2008},
  OPTnote = 	 {},
  OPTannote = 	 {}
}

@article{bonheureppcf:06,
title="Neutron profiles and fuel ratio nT/nD measurements in JET ELMy H-mode plasmas with tritium puff ",
author="G. Bonheure and S. Popovichev and L. Bertalot and A. Murari and S. Conroy and J. Mlynar and I. Voitsekhovitch and JET-EFDA contributors",
journal="Nuclear Fusion",
booktitle="",
year="1991",
volume="35",
number="",
publisher="",
address="",
pages="1307",
note="\pdf{\url{nf6_7_005.pdf}}",
}


@article{anton:96,
title="X-ray tomography on the TCV tokamak",
author="M Anton and H Weisen and M J Dutch and W von der Linden and F Buhlmann and R Chavan and B Marletaz amd P Marmillod and P Paris",
journal="Plasma Physics and Controlled Fusion",
year="1996",
volume="38",
number="",
publisher="",
address="",
pages="1849-1878",
note=" \pdf{\url{p61101.pdf}}"
}


@article{mlynarppcf:03,
title="Investigation of the consistency of magnetic and soft x-ray plasma position measurements on TCV by means of a rapid tomographic inversion algorithm",
author=" Mlynar and S Coda and A Degeling and B P Duval and F Hofmann and T Goodman and J B Lister and X Llobet and H Weisen",
journal="Plasma Physics and Controlled Fusion",
year="1996",
volume="38",
number="",
publisher="",
address="",
pages="1849-1878",
note=" \pdf{\url{p30208.pdf}}",
}

@InProceedings{MlynarVaszaw07,
title="Abelisation of the neutron profile data at jet using minimum fisher regularisation" ,
titleCZ="Abelizace z�m��en� neutronov�ch profil� na JET pomoc� Minim�ln� Fisherovy regularizace",
author="Jan Mlyn�� and G. Bonheure and A. Murari and S.Popovichev and V.Svoboda and JET EFDA contributors",
year="2007",
publisher="34rd EPS Conference on Plasma Physics, EPS 2007, Book of Abstracts",
address="Institute of Plasma Physics and Laser Microfusin, Varszaw",
date="Varszaw, 2.7.-6.7.2007",
pages="P-2.129",
note=" \pdf{\url{poster\_EPS2007\_2.pdf}}",
howpublished="http://www.eps2007.ifpilm.waw.pl/abstracts_all.zip",
anotaceEN="Minimum Fisher Regularisation (MFR) has been recently applied at JET for tomographic reconstruction of neutron emissivities based on their projections measured by the JET neutron radial and vertical cameras. This contribution presents the latest extension of the algorithm that allows for abelisation (one-dimensional reconstruction) under the assumption of a constant neutron emissivity along the magnetic flux surfaces (i.e. full poloidal symmetry). First analyses of experimental data are presented, with particular interest in potential use of the MFR abelisation in transport studies.",
anotaceCZ="Minim�n��Fisherova Regularizace (MFR) byla ned�vno aplikov�na na Spole�n�m evropsk�m tokamaku JET k�tomografick� rekonstrukci emisivity neutron�, zalo�en�ch na projekc�ch m��en�ch pomoc� radi�ln�ch a vertik�ln�ch detektor� neutron�. V�tomto p��sp�vku prezentujeme nejnov�j�� roz���en� algoritmu, kter� dovoluje abelizaci (jednorozm�rnou rekonstrukci) za p�edpokladu konstantn� emisivity neutron� na magnetick�ch povr��ch (tj. �pln� poloid�ln� symetrie). Zve�ejn�ny jsou prvn� anal�zy experiment�ln�ch dat pomoc� abelizace, zejm�na s�ohledem na mo�n� vyu�it� MFR p�i studiu transportu.   ",
}


@InProceedings{KrlinICPIG07,
title="L�vy walk kinetics of charged particle in a model of electrostatic turbulence",
author="Krlin L. and  Paprok R. and Svoboda V.",
year="2007",
publisher="XXVIII International Conference on Phenomena in Ionized Gases",
address="Institute o plasma physics",
date="July 15 - 20 2007, Prague, Czech Republic",
pages="399-402",
howpublished="http://icpig2007.ipp.cas.cz/files/download/cd-cko/ICPIG2007/pdf/1P04-20.pdf",
abstraktEN="We discuss  possible L�vy walk  type of motion of charged particles in the model of a stationar and spatially periodical electrostatic potential and in a homogeneous magnetic field. This model can be considered as a simplest approach to more complex phenomena of edge plasma turbulence in tokamaks. The mentioned kinetics can play an important role in the the problem of  an anomalous diffusion of particles from the edge plasma turbulence region. This dynamics  can cause an inevitable escape of energetic particles and of power escape from the thermonuclear reactor. Moreover, L�vy walk kinetics represents nowaday a very interesting kind of kinetics, previously not discussed.",
abstraktCZ="P��sp�vek diskutuje L�vy walk charakter dynamiky nabit�ch ��stic ve statick�m, prostorov� periodick�m modelu elektrostatick�ch fluktuac� v magnetick�m poli. Tento model aproximuje v jednoduch�m p�ibl��en� turbulence  v okrajov�m sloupci plazmatu v tokamac�ch. Tato nestandardn� dynamika chov�n� ��stic m��e hr�t v�znamnou roli v pozn�n� jevu anomaln� dif�ze ��stic ve vysokoteplotn�m plazmatu, kdy doch�z� k zna�n�mu �niku ��stic a energie z oblasti magneticky udr�ovan�ho sloupce. L�vy walk charakter dynamiky sam o sob� nav�c p�edstavuje velmi zaj�mav� objekt pozorov�n�, kter� byl v d��v�j��ch dob�ch opom�jen.",
ISBN="978-80-87026-01-4",
}


%author="S Bonheure and M.Angelone and R.Barnsley and L.Bertalot and S.Conroy and G.Ericsson and B.Esposito and J.Kaellne and M.Loughlin and A.Murari and J.Mlynar and M.Pillon and S.Popovichev and B.Syme and M.Tardocchi and M. Tsalas and JET-EFDA Contributors   ",
@InProceedings{bonheure06a,
title="{Neutron Diagnostics for reactor scale fusion experiments: a review of JET systems}",
author="G. Bonheure et al.",
journal="",
year="2006",
volume="",
number="",
publisher="International Workshop on Fast Neutron Detectors, University of Cape Town, South Africa",
address="",
pages="",
howpublished="",
}
%note=" \pdf{\url{fnda2006\_091.pdf}}",

@InProceedings{Bonheure05EPS,
title="First study of 2-D spatial distribution of D-D and D-T neutron emission in JET Elmy H-mode plasmas with Tritium puff",
author="G. Bonheure and J. Mlynar and L. Bertalot and S. Conroy and A. Murari and S. Popovichev and L. Zabeo and EFDA-JET contributors",
journal="",
year="2005",
volume="",
number="",
publisher="In 32nd EPS Plasma Physics Conference ",
address="Tarragona",
pages="",
howpublished="http://eps2005.ciemat.es/papers/pdf/P1_083.pdf",
note=" \pdf{\url{p1_083.pdf}}",
}






@InProceedings{mlynar06a,
title="Neutron Spectra Unfolding with Minimum Fisher
Regularisation",
author="J. Mlynar and L. Bertalot and M. Tsalas and G. Bonheure and S. Conroy and JET-EFDA
contributors",
journal="",
year="2006",
volume="",
number="",
publisher="In International Workshop on Fast Neutron Detectors",
address="",
pages="",
howpublished="",
note=" \pdf{\url{fnda2006_063.pdf}}",
}


@article{dietzeklein82,
title="Gamma-calibration of ne 213 scintillation counters ",
author="G. Dietze and H. Klein",
journal="Nuclear Instruments and Methods",
year="1982",
volume="193",
number="",
publisher="North-Holland Publishing Company",
address="",
pages="549-556",
howpublished="",
note="\pdf{\url{nietzene213calibr1982.pdf}}",
}


@InProceedings{BrotTarr05,
  author = 	 {J.Brot�nkov� and J.St�ckel and E.Martines and G.Van Oost and V.Svoboda and T.G�rler and T.Hansen},
  title = 	 {Fluctuation measurements with 2D matrix of Langmuir probes on the CASTOR tokamak},
  booktitle =    {32nd EPS Plasma Physics Conference},
  year = 	 {2005},
  howpublished={},
  ISBN={2-914771-24-X},
  abstract={Edge plasma parameters and their fluctuations are studied on the CASTOR tokamak (Bt= 1.3 T, Ip = 10 kA, ne = 10^19 m-3) during biasing discharges. Two probe arrays are used to characterize the edge plasma with a sufficiently high temporal and spatial resolution. A twodimensional matrix of Langmuir probes (8x8) measures simultaneously in the poloidal and radial directions while a rake of radially distributed Langmuir probes is located at a different toroidal position. Both arrays measure either the floating potential or the ion saturation current. Correlation analysis is used for data processing},
 abstrakt={V p��sp�vku jsou studov�ny na tokamaku CASTOR (Bt= 1.3 T, Ip = 10 kA, ne = 10^19 m-3) z�kladn� charakteristiky okrajov�ho plazmatu a jejich fluktuace b�hem "bias" f�ze v�boje. K m��en� plovouc�ho potenci�lu a iontov�ho nasycen�ho proudu jsou pou�ity dv� pole Langmuirov�ch sond, kter� m��� z�kladn� charakteristiky jak v poloid�ln�m, tak radi�ln�m sm�ru s dostate�n�m �asov�m a prostorov�m rozli�en�m. K vyhodnocen� jsou pou�ity korela�n� anal�zy.},
pracov={Institute of Plasma Physics, Association Euratom/IPP.CR, AS CR, Prague, Czech Republic, Consorzio RFX, Associazione Euratom/ENEA sulla Fusione, Padova, Italy, Department of Applied Physics, Gent University, Gent, Belgium},
grant={GAAV IAA 100430502}
}

@InProceedings{PanekTarr05,
pozor={POZOR!! jsem v p�ihl��en�m p��sp�vku, ale uz ne v opravdov�ch proceedings. Takze NEPOUZIVAT!!},
  author = 	 {R. Panek and L.Krlin and J. Stockel and D. Tskhakaya jr. and S. Kuhn and P. Pavlo and V. Svoboda and M. Tendler},
  title = 	 {Anomalous impurity diffusion in an experimentally measured turbulent potential},
  booktitle =    {32nd EPS Plasma Physics Conference},
  year = 	 {2005},
  howpublished={},
  ISBN={2-914771-24-X},
  abstract={Using a simple model of tokamak edge-plasma turbulence in the form of a spatially periodic and time-independent electrostatic potential, we have recently found a new type of anomalous impurity diffusion. In the present contribution, we estimate this diffusion for carbon ions (C+) in the test-particle approach for a real turbulent potential obtained experimentally by means of a 2D array of Langmuir probes in the CASTOR tokamak. A significant difference in the impurity dynamics between the Hamiltonian and drift approaches is observed. The drift approximation yields a radial diffusion coefficient about four times lower than the Hamiltonian approach. As an interesting consequence of these dynamics, the possibility of radial-electric-field generation in the turbulence regimes is discussed.},
}



@Article{PanekPhysScr05,
  author = 	 {R. Panek and L. Krlin and  M. Tendler and D. Tskhakaya Jr. and S. Kuhn and V. Svoboda and R. Klima and P. Pavlo and J. Stockel and V. Petrzilka},
  title = 	 {Anomalous ion diffusion and radial-electric-field
generation in a turbulent edge plasma potential weakly correlated in time
and space},
  journal = 	 {Physica Scripta},
  year = 	 {2005},
  OPTkey = 	 {},
  OPTvolume = 	 {72},
  OPTnumber = 	 {4},
  OPTpages = 	 {327},
  OPTmonth = 	 {},
  OPTnote = 	 {},
  OPTannote = 	 {},
  ISSN={0031-8949},
  abstract={Using a simple model of tokamak-edge-plasma turbulence in the form of a spatially periodic and time-independent electrostatic potential, we have found recently a new type of anomalous impurity diffusion in this regime. In the present contribution, we estimate this diffusion in the test-particle approach for a real turbulent potential obtained in an experiment. A significant difference in the impurity dynamics between the Hamiltonian and drift approaches is observed. As an interesting consequence of these dynamics, the possibility of radial-electric-field generation in the turbulence regimes appears. This effect can be of importance in scenarios related to transport barriers.},
 abstrakt={},
  abstrakt={V jednoduch�m modelu turbulence okrajov�ho plazmatu v prostorov� periodick�m a �asov� statick�m potenci�lu se projevoval nov� druh anom�ln� dif�ze iont�. V p��sp�vku je v ��sticov�m modelu analyzov�n odhad dif�ze pro ionty uhl�ku (C+) v re�ln�m potenci�lu, kter� byl z�sk�n experiment�ln� p�i m��en� v poli Langmuirov�ch sond na tokamaku CASTOR. V modelu, ve kter�m byla pou�ita jednak driftov� aproximace a jednak plnohodnotn� v�po�et p�es Hamiltoni�n syst�mu, byly mezi t�mito p��stupy pozorov�ny patrn� rozd�ly. Driftov� aproximace vykazovala p�ibli�n� �ty�ikr�t men�� koeficienty radi�ln� dif�ze, ne� plnohodnotn� p��stup. Jako d�sledek t�to dynamiky byla diskutov�na mo�nost generace radi�ln�ho elektrick�ho pole pro vytv��en� transportn�ch bari�r. },
grant={GAAV IAA 100430502},
}

@inproceedings{Stock04Conv,
  author = 	 {J St�ckel and P Devynck and J Gunn and E Martines and G Bonhomme and G Van Oost and M Hron and J Adamek and J Brot�nkov� and R Dejarnac and I Duran and T G�rler and T Hansen and R Panek and P Stejskal and V Svoboda and F Zacek},
  title = 	 {Formation of convective cells in the scrape-off layer of the CASTOR tokamak},
  OPTcrossref =  {},
  OPTkey = 	 {},
  booktitle = {12th International Congress on Plasma Physics},
  OPTpages = 	 {},
  year = 	 {2004},
  OPTeditor = 	 {},
  OPTvolume = 	 {},
  OPTnumber = 	 {},
  OPTseries = 	 {},
  OPTaddress = 	 {},
  OPTmonth = 	 {October},
  OPTorganization = {},
  OPTpublisher = {},
  OPTnote = 	 {},
  OPTannote = 	 {},
  howpublished={http://hal.ccsd.cnrs.fr/ccsd-00001796}
}



@Article{Krlin04,
  author = 	 {L. Krl�n  and M. Z�potock�  and V. Svoboda },
  title = 	 {Role of Finite Larmor Radius in Chaotic Regime of Waves-Particle Interaction},
  journal = 	 {Czechoslovak Journal of Physics},
  year = 	 {2004},
  OPTkey = 	 {},
  volume = 	 {54},
  number = 	 {7},
  pages = 	 {759-774},
  month = 	 {July},
  OPTnote = 	 {},
  OPTannote = 	 {},
howpublished={http://ipsapp007.kluweronline.com/IPS/content/search/ext/x/J/4590/I/90/A/6/abstract.htm?Action=view&collection=kap&QueryZip=j%3D4590+and+%28%28svoboda%29%3Cin%3Ebody%29+AND+DDATE%3C%3D12%2F15%2F2004&ViewTemplate=V1.hts&ResultTemplate=s2.hts&ResultField=11E2E2E23070&VDKVgwKey=%5C%5Cipsnetapp001%5Chome%5Cjournals_protected%5CKAP_CJOP%5CIssues%5C2004-54-7%5Ctexts%5Ckap.492188.html&DocOffset=2&J=4590&I=90&A=6&T=0&U=1&vLoc=S1&hUAIN=1&VPgNum=1}
}

@Article{Krlin04a,
  author = 	 {L. Krlin and  Panek R and  Pavlo P and  Petrzilka V and  Stockel J and  Svoboda V and  Kuhn S and  Tskhakaya D and  Tendler M},
  title = 	 {Anomalous impurity diffusion in models of tokamak edge plasma turbulence},
  journal = 	 {Czechoslovak Journal of Physics},
  year = 	 {2004},
  OPTkey = 	 {},
  volume = 	 {54},
  OPTnumber = 	 {},
  pages = 	 {157-163},
  month = 	 {July},
  OPTnote = 	 {},
  OPTannote = 	 {},
}


@Misc{Silver,
  OPTkey = 	 {},
  author =	 {Samuel B. Silverstein},
  title =	 {The Art of Scientific Presentation},
  howpublished = {http://www.physto.se/~silver/presentation/SciPresTalk.pdf},
  OPTmonth = 	 {},
  OPTyear = 	 {},
  OPTnote = 	 {},
  OPTannote = 	 {}
}


@article{Kucera:97,
title="",
author=" Ku�era J. and St�eda P. and Gerhardts R.R.",
journal="Phys. Rev. B",
year="1997",
volume="55",
number="14",
publisher="",
address="",
pages="439",
howpublished="",
}

@article{Zimbardo:05,
title="",
author="Zimbardo G.",
journal="Plasma  Phys. Control. Fusion",
year="2005",
volume="47",
number="",
publisher="",
address="",
pages="B755",
howpublished="",
}


@article{Shlesinger:93,
title="",
author="Shlesinger M.F. et al.",
journal="Nature",
year="1993",
volume="363",
number="",
publisher="",
address="",
pages="31",
howpublished="",
}



@article{Rover99,
title="Test particle transport in perturbed magnetic fields in tokamaks",
author="M. de Rover and A.M.R. Schilham and A. Montvai and N.J.Lopes Cardozo",
journal="Physics of Plasmas",
year="1999",
volume="6",
number="6",
publisher="American Institute of Physics",
address="",
pages="2443-2451",
howpublished="",
}

@article{Nish97,
title="Stochastic particle transport in a magnetic island due to electrostatic drift waves",
author="Y. Nishimura and M. Azumi",
journal="Phys. Plasmas",
year="1997",
volume="4",
number="7",
publisher="American Institute of Physics",
address="",
pages="2365-2375",
howpublished="",
}


@article{PanekContr04,
title="Anomalous diffusion and radial electric field generation due to edge plasma turbulence",
author="R. P\'anek and L. Krl\'\i n and D. Tskhakaya and S. Kuhn and J. St{\" o}ckel and  P. Pavlo and  M. Tendler and V. Svoboda and V. Petr\v z\'\i lka",
journal="Contrib. Plasma Physics",
year="2004",
volume="44",
number="1-3",
publisher="WILEY-VCH",
address="",
pages="203-204",
howpublished="",
}

@article{FT03,
title="Fyzik�ln� t�den na FJFI �VUT",
author="V. Svoboda, L. �koda",
journal="�s. �as. fyz.",
year="2003",
volume="53",
number="",
publisher="FU AV �R.",
address="",
pages="366-369",
howpublished="",
}

#VYRADIT!!!!
@article{SPOOLKrlin03,
title="Role of finite Larmor radius in 
chaotic regime of waves-particle interaction.",
author="L. Krl\'\i n and V. Svoboda and M. Z\'apotock\'y",
journal="Czech. J. Phys",
year="2004",
volume="in press",
number="",
publisher="",
address="",
pages="",
howpublished="",
}

@article{Dyabilin01,
title="",
author="Dyabilin K et al.",
journal="Czech J. Phys.",
year="2001",
volume="51",
number="",
publisher="",
address="",
pages="1107",
howpublished="",
}

@misc{wwwptsg,
title="The Plasma Theory and Simulation Group",
author="",
journal="",
booktitle="",
year="",
volume="",
number="",
publisher="",
address="",
pages="",
howpublished="http://ptsg.eecs.berkeley.edu/",
}

@book{Birdsall85,
title="Plasma Physics via Computer Simulation",
author="Charles K. Birdsall and A. Bruce Langdon",
journal="",
year="1985",
volume="",
number="",
publisher="McGraw-Hill Bool Company",
address="",
pages="",
howpublished="",
}

@InProceedings{PanekPet03,
title="Radial electric field generation due to edge plasma turbulence",
author="R. P\'anek and L. Krl\'\i n and D. Tskhakaya and S. Kuhn and J. St{\" o}ckel and  P. Pavlo and V. Svoboda and  M. Tendler and R. Kl\'\i ma and V. Petr\v z\'\i lka and M. Z\'apotock\'y",
journal="",
year="2003",
volume="27A",
number="",
pages="P-1.178",
howpublished="CD",
booktitle="Proc. of the 30th EPS conference on Plasma Phys. and Contr. Fusion",
publisher="European Physical Society",
address="St. Petersburg",
ISBN="",
}


@InProceedings{KrlinMontr02,
title="Anomalous ion diffusion and radial electric field generation in edge tokamak plasma turbulence of the Hasegawa-Watakani model",
author="L. Krlin and R. Panek and V. Svoboda et.al.",
journal="",
year="2002",
volume="26B",
number="",
pages="P-1.119",
howpublished="CD",
booktitle="Proc. of the 29th EPS conference on Plasma Phys. and Contr. Fusion",
publisher="European Physical Society",
address="Montreux",
ISBN="2-914771-02-9",
}

@InProceedings{SvWshp02,
title="Stochastic ExB Diffusion of Ions in Time Dependent Potential Fields",
author="V. Svoboda and L. Krlin and J. Stockel and H. Lavicka",
journal="",
year="2002",
volume="6, part A",
number="",
pages="140-141",
howpublished="",
booktitle="Proc. of Workshop 2002",
publisher="Czech Technical University",
address="Prague",
}



@book{Tippler:82,
title="Physics",
author="Paul A. Tippler",
journal="",
year="1982",
volume="1,2",
number="",
publisher="Worth Publisher, Inc.",
address="",
pages="",
}

@article{naulin:99,
title="Dispersion of ideal particles in a two-dimensional model of electrostatic turbulence",
author="V. Naulin and A.H. Nielsen and J.J. Rasmussen ",
journal="Physics of Plasmas",
year="1999",
volume="6",
number="12",
publisher="",
address="",
pages="4575-4584",
}


@article{tibon:94,
title="An assesment of theoretical models based on observations in the JET tokamak",
author="F. Tibone and J.W. Connor and T.E. Stringer and H.R. Wilson",
journal="Plasma Phys. and Control. Fusion",
year="1994",
volume="36",
number="",
publisher="Institute of Physics publishing",
address="",
pages="473-512",
}

@book{marek:84,
title="Stochastick chov�n� deterministickch systm",
author="M. Marek and I. Schreiber",
journal="",
year="1984",
volume="",
number="",
publisher="Academie, Praha",
address="",
pages="",
}


@article{stockel:98,
title="{$\vec E \times \vec B$} Motion of Test Ions in Spatially Periodical Structures of potential",
author="J. St{\" o}ckel and L. Krl\'{\i}n and J. Holakovsk\'y and V. Svoboda ",
journal="Czech. J. Phys.",
year="1998",
volume="48/S3",
number="",
publisher="",
address="",
pages="154",
}


@masterthesis{paprok,
title="Diploma thesis",
author="Pap�ok R.",
journal="",
year="2007",
school="Charles University, MFF",
volume="",
number="",
publisher="",
address="",
pages="",
}

@masterthesis{horacek,
title="Turbulent structures in tokamak plasma",
author="J. Hor\'a\v{c}ek",
journal="",
year="2000",
school="Charles University, MFF",
volume="",
number="",
publisher="",
address="",
pages="",
}



@article{smol:95,
title="Rotating Nonlinear Magnetic Islands in a Tokamak Plasma",
author="A.I. Smolyakov and A. Hirose, E. Lazzaro {\it et al.}",
journal="Phys. Plasmas",
year="1995",
volume="2",
number="",
publisher="",
address="",
pages="1581",
}

@article{geisel:90,
title="Chaotic Dynamics of Ballistic Electrons in Lateral Superlattices and Magnetic Fields",
author="T. Geisel and J. Wagenhuber and P. Niebauer, {\it et al.}",
journal="Phys. Rev. Lett",
year="1990",
volume="64",
number="",
publisher="",
address="",
pages="1581",
}



@article{chirikov:97,
title="",
author="B.V. Chirikov and  V.V. Vecheslavov",
journal="Zh. Eksp. Teor. Phys.",
year="1997",
volume="112",
number="",
publisher="",
address="",
pages="1132",
}

@book{Zaslavsky:05,
title="Hamiltonian chaos and fractional dynamics",
author="G.M. Zaslavskii",
journal="",
year="2005",
volume="",
number="",
publisher="Oxford University Press",
address="",
pages="",
}



@book{zasl:84,
title="Stochasticity of Dynamical Systems",
author="G.M. Zaslavskii",
journal="",
year="1984",
volume="",
number="",
publisher="Nauka, Moscow",
address="",
pages="",
}


@book{licht:84,
title="Regular and Stochastic Motion",
author="A.J. Lichtenberg and M.A. Lieberman",
journal="",
year="1984",
volume="",
number="",
publisher="New York: Springer",
address="",
pages="",
}


@InProceedings{hara:96,
title="Proc. ICPP, Nagoya",
author="J. Hara {\it et al}",
journal="",
year="1996",
volume="",
number="",
publisher="",
address="",
pages="43",
}


@article{kleva:84,
title="",
author="R.G. Kleva and J.F. Drake",
journal="Phys. Fluids",
year="1984",
volume="27",
number="",
publisher="",
address="",
pages="1686",
}

@article{connor:94,
title="Survey of theories of anomalous transport",
author="J.W. Connor and H.R. Wilson",
journal="Plasma Physics and Controlled Fusion",
year="1994",
volume="36",
number="",
publisher="",
address="",
pages="719-795",
}

@book{vitasek,
title="Numerick\'{e} metody",
author="E. Vit\'{a}sek",
journal="",
booktitle="Numerick metody",
year="1987",
volume="",
number="",
publisher="SNTL Praha",
address="",
pages="",
}

@book{Kosek:00,
title="HTML, tvorba dokonal\'ych www str\'anek",
author="J. Kosek",
journal="",
year="1998",
volume="",
number="",
publisher="Grada",
address="",
pages="",
}

@book{linux:2,
title="Linux - praktick\'{y} pr\accent23 uvodce",
author="M.G. Sobel",
journal="",
booktitle="",
year="1999",
volume="",
number="",
publisher="Computer Press",
address="",
pages="",
}

@book{linux:3,
title="Linux - za\v {c}\'\i n\'ame programovat",
author="R. Stones and N. Matthew",
journal="",
booktitle="",
year="2000",
volume="",
number="",
publisher="Computer Press",
address="",
pages="",
}


@book{linux:1,
title="Linux - dokumenta\v {c}n\'\i~projekt",
author="",
journal="",
booktitle="",
year="1998",
volume="",
number="",
publisher="Computer Press",
address="",
pages="",
}


@book{latex:3,
title="{\LaTeX}, A Document Preparation System",
author="L. Lamport",
journal="",
booktitle="",
year="1986",
volume="",
number="",
publisher="Adison-Wesley Publishing Company",
address="",
pages="",
}

@misc{latex:2,
title="TeXbook naruby",
author="P. Ol\v{s}\'ak",
journal="",
booktitle="",
year="1997",
volume="",
number="",
publisher="",
address="",
pages="",
howpublished="http://math.feld.cvut.cz/pub/olsak/tbn/tbn.pdf",
}



@misc{pvm:1,
title="PVM-Parallel Virtual Machine",
author="",
journal="",
booktitle="",
year="",
volume="",
number="",
publisher="",
address="",
pages="",
howpublished="http://www.epm.ornl.gov/pvm/pvm\_home.html",
}

@book{C:2,
title="Turbo C",
author="",
journal="",
year="",
volume="",
number="",
publisher="JZD Slu\v{s}ovice",
address="",
pages="",
}



@book{C:1,
title="C++",
author="B. Stroustrup",
journal="",
booktitle="",
year="1997",
volume="",
number="",
publisher="Technick\'a~Literatura",
address="",
pages="",
}


@article{Kim:97,
title="Integrability of cyclotron motion",
author="S.W. Kim and H-W. Lee",
journal="Physical Review E",
booktitle="",
year="1997",
volume="56",
number="3",
publisher="",
address="",
pages="3602-3605",
}


@article{weyssow:97,
title="Guiding centre motion in three electrostatic vawes: a pedagogical example for studying adiabatic motions.",
author="B. Weyssow",
journal="Physics Letters A",
booktitle="",
year="1997",
volume="232",
number="",
publisher="",
address="",
pages="234-242",
}



@article{Waltz:90,
title="Magnetic-Field Scaling of Dimensionally Similar Tokamak Discharges",
author="R.E. Waltz and J.C. DeBoo and M.N. Rosenbluth",
journal="Physical Review Letters",
booktitle="",
year="1990",
volume="65",
number="19",
publisher="",
address="",
pages="2390-2393",
}



@article{Hasegawa:78,
title="",
author="A. Hasegawa and K. Mima",
journal="Phys. Fluids",
booktitle="",
year="1978",
volume="21",
number="",
publisher="",
address="",
pages="87",
}


@article{Hasegawa:85,
title="",
author="A. Hasegawa and M. Watakani",
journal="Phys. Rev. Lett",
booktitle="",
year="198",
volume="50",
number="",
publisher="",
address="",
pages="682",
}


@article{Endler:91,
title="",
author="M. Endler {\it et al}",
journal="Nuclear Fusion",
booktitle="",
year="1991",
volume="35",
number="",
publisher="",
address="",
pages="1307",
}


@article{Horton:85,
title="Onset of Stochasticity and the Diffusion-approximation in Drift Waves",
author="W. Horton",
journal="Plasma Phys. and Controlled Fusion",
booktitle="",
year="1985",
volume="27",
number="",
publisher="",
address="",
pages="937",
}

@article{Horton:87,
title="Electron-Diffusion in Tokamaks due to Electromagnetic Fluctuations",
author="W. Horton",
journal="Plasma Phys. and Controlled Fusion",
booktitle="",
year="1987",
volume="29",
number="",
publisher="",
address="",
pages="901",
}

@article{Horton:89,
title="Drift Wave Vortices and Anomalous Transport",
author="W. Horton",
journal="Phys. Fluids",
booktitle="",
year="1989",
volume="1",
number="",
publisher="",
address="",
pages="B524",
}

@article{Klafter:96,
title="Beyond Brownian motion",
author="J. Klafter {\it et al}",
journal="Physics Today",
booktitle="",
year="1996",
volume="2",
number="",
publisher="",
address="",
pages="33",
}

@article{Balescu:97,
title="Continuous time random walk model for standard map dynamics
",
author="R. Balescu",
journal="Phys. Rev. E",
booktitle="",
year="1997",
volume="55",
number="",
publisher="",
address="",
pages="2465",
}



@article{Annibaldi:00,
title="Evidence for strange kinetics in {H}asegawa-{M}ima turbulent transport",
author="S.V. Annibaldi and G. Manfredi and R.O. Dendy and L.O'C Drury",
journal="Plasma Physics and Controlled Fusion",
booktitle="",
year="2000",
volume="42",
number="",
publisher="",
address="",
pages="L13-L22",
}

@article{Manfredi:96,
title="Test-Particle Transport in Strong Electric Drift Turbulence with Finite Larmor Radius Effects",
author="G. Manfredi and R.O. Dendy",
journal="Physical Review Letters",
year="1996",
volume="76",
number="23",
publisher="",
pages="4360-4363",
}

@article{Manfredi:97,
title="Transport properties of energetic particles in a turbulent electrostatic field",
author="G. Manfredi and R.O. Dendy",
journal="Phys. Plasmas",
year="1997",
volume="4",
number="3",
publisher="",
pages="628-635",
}

@article{Misguich:91,
title="Guiding-center chaotic motion in three electrostatic waves",
author="J.H. Misguich and R. Nakach",
journal="Physical Review A",
booktitle="",
year="1991",
volume="44",
number="6",
publisher="",
address="",
pages="3869",
}

@InProceedings{Krl:Mad,
title="Anomalous ${E} \times {B}$ Ion Diffusion and Radial Electric Field Generation in a Fluctuating Electrostatic Potential",
author="L. Krl\'{\i}n and S. Kuhn and M. Lavi\v{c}ka and R. P\'{a}nek and J. St{\"o}ckel and V. Svoboda and M. Tendler and D. Tskhakaya and M. Z\'apotock\'y and R. Kl\'\i ma and Vl. Weinzettl",
booktitle="Proc. of the 28th EPS conference on Plasma Phys. and Contr. Fusion",
year="2001",
volume="",
number="",
publisher="European Physical Society",
address="Funchal",
}


@book{Dendy,
title="Plasma Physics, an introductory course",
author="R. Dendy",
year="1993",
}

@book{ency,
title="Encyklopedia of Physical Science and Technology",
author="A.H. Brozer and R.A. Meyers {\it ed.}",
volume="13",
year="1992",
publisher="Academia Press, Inc.",
}

@book{ency1,
title="Encyklopedia of Applied Physics",
author="G.L. Trigg {\it ed.}",
volume="14",
year="1991",
publisher="VCH Publishers, Inc.",
}


@InProceedings{Sto:ExpPot,
title="Plasma polariztion of the separatrix on the CASTOR tokamak",
author="J. St{\" o}ckel {\it et al.}",
booktitle="Proc. of the 27th EPS Conf. on Controlled Fusion and Plasma Physics",
year="2000",
volume="24B",
address="Budapest",
publisher="European Physical Society",
misc="CDROM",
}


@article{Krl4,
author="L. Krl\'{\i}n and J. St{\" o}ckel and V. Svoboda",
title="Stochastic $({E} \times {B})$ diffusion of ions in a spatially
periodical potential fileld",
journal="Plasma Phys. Control. Fusion",
year="1999",
volume="41",
pages="339-353",
ISSN="0741-3335",
}


@article{Wagen:92,
title="Chaos and anomalous diffusion of ballistic electrons in lateral surface superlatitices",
author="J. Wagenhuber and T. Geisel and P. Niebauer and G. Obermair",
journal="Physical Review B",
volume="45",
number="8",
year="1992",
pages="4372-4383",
}

@article{Geisel:87,
title="Generic $1/f$ Noise in chaotic Hamiltonian Dynamics	",
author="T. Geisel and A. Zacherl and G. Radons",
journal="Physical Review Letters",
year="1987",
volume="59",
number="22",
publisher="",
pages="2503-2506",
}

@article{Liewer:85,
title="Measurement of microturbulence in tokamaks and comparisons with theories of turbulence and  anomalous transport",
author="P.C. Liewer",
journal="Nuclear Fusion",
year="1985",
volume="25",
number="5",
publisher="",
pages="543-618",
}

@article{pettini:88,
title="Chaotic diffusion across a magnetic field in a model of electrostatic turbulent plasma",
author="M. Pettini {\it et al.}",
journal="Physical Review A",
year="1988",
volume="38",
number="1",
publisher="",
pages="344-364",
}

@book{Wesson87,
title="Tokamaks",
author="J. Wesson",
journal="",
year="1987",
volume="",
number="",
publisher="Oxford Science Publications",
}

@article{Schlesinger:93,
title="Strange kinetics",
author="M.F. Schlesinger and G.M. Zaslavsky and J. Klafter",
journal="Nature",
year="1993",
volume="363",
number="",
publisher="",
pages="31-37",
}

@article{Carreras:1997,
title="Progress in anomalous transport research in toroidal magnetic confinement devices",
author="B.A. Carreras",
journal="IEEE transactions on plasma science",
year="1997",
volume="25",
number="6",
publisher="",
pages="1281-1309",
}

@article{Reuss:96,
title="Low-frequency percolation scaling for particle diffusion in electrostatic turbulence",
author="J.-D. Reuss and J.H. Misguich",
journal="Physical Review E",
year="1996",
volume="54",
number="2",
publisher="",
pages="1857-1868",
}






@InProceedings{Krl9,
author="L. Krl\'{\i}n and J. S{t\"o}ckel and V. Svoboda ",
title="Stochastic $({E} \times {B})$ Diffusion of Ions in a Spatially Periodical Potential Field",
booktitle="Proc. of the Edge plasma Theory and Simulation Workshop",
journal="Czech J. of Physics",
year="1998",
volume="48",
pages="301-306",
address="Innsbruck, Austria",
}


@InProceedings{Krl8,
author="L. Krl\'\i n and S. Kuhn and P. Pavlo and J. S{t\"o}ckel and V. Svoboda and M. Tendler and D. Tskhakaya and M. Z\'apotock\'y and R. Kl\'\i ma and Vl. Weinzettl",
title="Radial Electric Field Generation During Anomalous ${E} \times {B}$ Impurity Diffusion",
booktitle="Proc. of the 2000 International Congress on Plasma Physics",
year="2000",
volume="",
pages="",
address="Quebec"
}


@InProceedings{Krl7,
author="L. Krl\'\i n and S. Kuhn and J. St{\"o}ckel and V. Svoboda and M. Tendler and D. Tskhakaya and M. Z\'apotock\'y and R. Kl\'\i ma and Vl. Weinzettl",
title="Radial Electric Field Generation During Anomalous ${E} \times {B}$ Ion Diffusion",
booktitle="Proc. of the 27th EPS Conf. on Controlled Fusion and Plasma Physics",
year="2000",
volume="24B",
pages="45",
address="Budapest",
publisher="European Physical Society",
misc="CDROM",
}


@article{Krl6,
author="L. Krl\'\i n and  J. St{\"o}ckel and V. Svoboda and M. Tendler",
title="Stochastic $({E} \times {B})$ Diffusion of Ions in a Spatially Periodical Potential Field",
journal="Physica Scripta",
year="2000",
volume="T84",
pages="221-224",
ISSN="0031-8949 nebo 0281-1847",
}

@InProceedings{Sto1,
author="J. St{\"o}ckel and V. Dhyani and J. Holakovsk\'y and L. Kry\v{s}ka and J. Petr\v{z}\'{\i}lka and V. Svoboda and F. \v{Z}\'{a}\v{c}ek",
title="Analysis of edge fluctuations on the CASTOR tokamak",
booktitle="Proc. of the 20th EPS Conf. on Controlled Fusion and Plasma Physics",
publisher="European Physical Society",
year="1993",
volume="Vol 17C II",
pages="691",
address="Lisboa"
}

@InProceedings{Tend1,
author="M. Tendler and L. Krl\'{\i}n and J. St{\"o}ckel and V. Svoboda",
title="Simulation of Stochastic $({E} \times {B})$ Diffusion of Ions in a
Spatially Periodical Potential Field",
booktitle="Proc. of the 26th EPS Conf. on Controlled Fusion and Plasma Physics",
publisher="European Physical Society",
year="1999",
volume="23J",
pages="1597-1600",
address="Maastricht",
}

@InProceedings{Svo1,
author="V. Svoboda and J. St{\" o}ckel and L. Krl\'{\i}n",
title="Diffusion character of ion motion in the magnetized plasma with
spatially peridical electric field",
booktitle="Proc. of the Nukleonika ",
journal="Acta Polytechnica",
publisher="Czech Tech. Univ.",
year="1998",
volume="38",
pages="99",
ISSN="1210-2709",
}

@article{End1,
author="M. Endler {\it et al}",
title="",
journal="Nucl. Fusion",
year="1991",
volume="35",
pages="1307",
}

@article{Bellan:91,
author="P.M. Bellan",
title="Transport inhered from consideration of particle orbits in drift turbulence",
journal="Plasma Phys. Control. Fusion",
year="1991",
volume="35",
pages="169-178",
}

@InProceedings{Krl1,
author="L. Krl\'{\i}n and V. Svoboda and J. St{\" o}ckel and J. Holakovsk\'y",
title="Simulation of ion transport in the potential fluctuations of edge
tokamak plasma", 
booktitle="Proc. of the 21st EPS Conf. onContr. Fus. and Plasma Phys.",
publisher="European Physical Society",
year="1994",
volume="18BII",
pages="878",
address="Montpellier"
}

@InProceedings{Krl2,
author="L. Krl\'{\i}n and  J. St{\" o}ckel and V. Svoboda and J. Holakovsk\'y",
title="Simulation of ${E} \times {B}$ diffusion of ions in potential fluctuations",
booktitle="Proc. of the 17th Symposium on Plasma Physics and Technology",
year="1995",
pages="22",
address="Prague"
}

@InProceedings{Sto3,
author="J. St{\" o}ckel and J. Petr\v{z}\'{\i}lka and M. Endler and L. Kry\v{s}ka and V. Svoboda and M. Hron",
title="Correlation analysis of edgefluctuations on the CASTOR tokamak",
booktitle="Proc. of the 17th Symposium on Plasma Physics and Technology",
year="1995",
pages="49",
address="Prague"
}


@InProceedings{Krl3,
author="L. Krl\'{\i}n and  J. St{\" o}ckel and V. Svoboda and J. Holakovsk\'y",
title="Simulation of ${E} \times {B}$ diffusion of ions in potential
fluctuations", 
booktitle="Proc. of the 22nd EPS Conf. on Controlled Fusion and Plasma
Physics", year="1995",
pages="100",
address="Bournemouth UK",
volume="19C I",
ISBN="9633726182",
}

@InProceedings{Sto2,
author="J. St{\" o}ckel {\it et al}",
title="Analysis of electrostatic and magnetic fluctuations on the CASTOR
tokamak",
booktitle="Proc. of the International Conference on Plasma Physics",
year="1996",
volume="I",
pages="322",
address="Nagoya,Japan"
}


@article{Wag1,
author="J. Wagenhuber et al.",
title="Chaos and anomalous diffusion of balistic electrons in lateral surface
superlattices",
journal="Physical Review B",
year="1992",
volume="45",
pages="4372-4382",
}

@book{Ency,
author="A. H. Brozer and R. A. Meyers ed.",
title="Encyklopedia of physical science and technology",
publisher="Academia Press, Inc.",
year="1992",
volume="13",
}

@book{Kap,
author="P.L. Kapica",
title="Experiment, teorie, praxe",
publisher="Edice Kolumbus",
year="1982",
}


@book{Jodl,
author="H.J. Korsch and H.-J. Jodl",
title="Chaos, a program collection for the PC",
publisher="Springer-Verlag",
year="1994",
}

@techreport{Krl5,
author="L. Krl\'{\i}n and J. St{\" o}ckel and V. Svoboda",
title="Stochastic $({E} \times {B})$ diffusion of ions in a spatially
periodical potential fileld",
institution="Institut of Plasma Physics, Czech Academy of Sciences",
year="1997",
number="IPPCZ-358",
}

@book{Wolfr:1,
author="S. Wolfram",
title="Mathematica",
publisher="Cambridge University Press",
year="1996",
}

@book{Wolfr:2,
author="Wolfram Research",
title="Mathematica 4.0 Standard Add on Packages",
publisher="Wolfram Media",
year="1999",
}


@misc{Svo2,
author="V. Svoboda",
title="Doprovod k dktr. pr\'{a}ci",
howpublished="http://www.fjfi.cvut.cz/k402/SvDktr",
year="2000",
}

@article{Chandr,
author="S. Chandrasekhar",
title="",
journal="Rev. Mod. Phys",
year="1943",
volume="15",
pages="2",
}



@article{Klafter,
author="J. Klafter and M. F. Shlesinger and G. Zumofen",
title="Beyond Brownian Motion",
journal="Physics Today",
year="February 1996",
pages="33-39",
}

@article{Pina91,
author="PINA L and  FIEDOROWICZ H and KOSHEVOI MO and RUPASOV AA and RUS B and SHIKANOV AS and SVOBODA V",
title="X-RAY TRANSMISSION GRATING SPECTROMETER WITH CCD DETECTOR FOR LASER PLASMA STUDIES",
journal="LASER AND PARTICLE BEAMS",
year="1991",
pages="579-591",
volume="9(2)"
}


@book{Dendy,
author="R. Dendy ed.",
title="Plasma Physics, an Introductory course",
publisher="Cambridge University Press",
year="1995",
}

@book{Chen,
author="F.F. Chen",
title="\'{U}vod do fyziky plazmatu",
publisher="Academia",
year="1984",
}

@InProceedings{Svo3,
author="V. Svoboda and J. St{\" o}ckel and F. \v{Z}\'{a}\v{c}ek",
title="Mapping of the potential fluctuations by multiple probes on the
CASTOR tokamak",  booktitle="Proc. z 11. Konferencie \v{c}esk\'ych a slovensk\'ych fyzikov",
year="1993",
address="\v{Z}ilina",
}

@misc{Sto4,
author="J. St{\" o}ckel and V. Svoboda",
title="Turbulence and Transport (Test Particle Approximation)",
howpublished="III. semin\'{a}\v{r} o fyzice hork\'{e}ho plazmatu, Borek u Suchomast",
year="Fara,1993", address="Borek u Suchomast, Fara",
}

@InProceedings{Sto5,
author="J. St{\" o}ckel and V. Svoboda and F. \v{Z}\'{a}\v{c}ek",
title="Space-Time analysis of potential fluctuations on the {C}astor tokamak",
booktitle="Proc. TCM RUST",
year="1993",
address="Brazil",
pages="267-269",
}

@InProceedings{Zac1,
author="F. \v{Z}\'{a}\v{c}ek and J. St{\" o}ckel and J. Badalec and K. Jakubka and P. Klete\v{c}ka and L. Kry\v{s}ka and
V. K\v{r}\'\i ha and V. Svoboda and J. Petr\v{z}\'\i lka and I. Voitsekhovich and V. Dhyani", title="Edge Plasma
Experimentson CASTOR Tokamak",  booktitle="Proc. Use of Atomic Beams in Plasma Experiments",
year="1993",
address="Budapest",
pages="39",
}

@InProceedings{Dhy1,
author="V. Dhyani and V. Svoboda and J. St{\" o}ckel",
title="Edge Plasma Fluctuations and Transport Studies in CASTOR Tokamak",
booktitle="Proc. Workshop and Summer School",
year="1993",
address="Hefei, China",
}


@InProceedings{Sto6,
author="
J. St{\" o}ckel and V. Svoboda and J. Petr\v{z}\'\i lka and L. Kry\v{s}ka and K. Jakubka and F. \v{Z}\'{a}\v{c}ek",
title="Possibilities of Probe Diagnostics in Small Tokamaks",
booktitle="First Workshop on Electrical Probes in Magnetized Plasmas",
year="1994",
address="Berlin",
}

@InProceedings{Dhy2,
author="V. Dhyani and V. Svoboda and J. St{\" o}ckel and J. Petr\v{z}\'\i lka and F. \v{Z}\'{a}\v{c}ek",
title="Fluctuations at the edge of Castor tokamak",
booktitle="IEEE,ICOPS (International Conf. On Plasma Science)",
year="1994",
address="Santa Fe, New Mexico",
pages="147"
}

@InProceedings{Sto7,
author="J. St{\" o}ckel and J. Petr\v{z}\'\i lka and V. Svoboda and M. Hron and L. Kry\v{s}ka and M. Endler",
title="Correlation analysis of edgefluctuations on the CASTOR tokamak",
booktitle="Proc. IAEA TCM on Research Using Small Tokamaks",
year="1995",
address="Ahmedabad India",
pages="17"
}


@Book{Havr1,
author="E. Havr\'ankov\'a and A. Havr\'anek and J. Kon\'\i\v{c}ek and Z. Mar\v{a}\'ak and S. Posp\'\i\v{s}il and V. Svoboda and M. Uhl\'\i\v{r}",
title="Fyzika 1",
edition="1",
publisher="edi\v{c}n\'\i~ st\v{r}edisko \v{C}VUT",
year="1998",
}
